2774 5004
279 313 323 380 et
576 307 616 373 Ρ.
639 301 803 371 ovlml
826 298 1040 368 NASONIS

285 486 422 559 Forma
435 480 589 579 triplex,
603 502 674 555 nec
688 476 808 551 forma
820 475 958 573 triplex
973 482 1051 556 tua.
1065 469 1249 554 (lothere.
1261 491 1330 543 mo·
1377 480 1379 485 '

283 600 411 674 Vosne
428 621 562 671 manus
579 593 695 669 validi
714 590 906 690 pressistis
922 610 1066 663 cornua
1081 583 1207 661 taurii
1251 584 1331 679 [vic

288 716 467 790 Vestrum
485 735 582 810 opus
602 710 682 785 Elis
700 708 838 792 habet;
868 715 1034 779 vestrum
1055 700 1334 799 Stymphalides

438 829 563 914 undae,
1275 821 1333 891 187

289 944 613 1041 Partheniumque
632 967 782 1019 nemus:
816 952 941 1016 vestra
957 938 1094 1012 virtute
1111 935 1257 1011 relatus

286 1060 626 1135 Thermodontiaco
643 1059 799 1133 caelatus
818 1055 991 1131 baltheus
1010 1075 1127 1139 auro;

291 1176 486 1274 Pomaque
503 1178 550 1249 ab
565 1175 727 1249 insomni
742 1173 839 1247 male
854 1171 1044 1246 custodita
1055 1169 1223 1243 dracone
1239 1195 1248 1242 :

292 1292 375 1367 Nec
395 1293 485 1367 mihi
505 1291 686 1366 Centauri
705 1300 860 1389 potuere
878 1288 1065 1373 resistere,
1085 1308 1156 1359 nec
1175 1288 1229 1358 ml

290 1409 462 1483 Arcadiae
480 1419 646 1482 vastator
663 1431 771 1506 aper:
802 1430 872 1480 nec
890 1403 1031 1504 profuit
1050 1400 1195 1500 Hydrae

292 1524 474 1599 Crescere
486 1548 553 1620 per
563 1520 1014 1617 damnumgeminasque
1026 1540 1219 1591 resumere
1229 1517 1335 1591 vires:

291 1638 416 1723 Quid?
444 1663 562 1735 quum
597 1638 762 1711 Thracas
798 1660 932 1734 equos,
962 1636 1127 1707 humano
1160 1632 1337 1729 sanguine

443 1754 616 1850 pingues
1279 1751 1337 1821 194

294 1865 490 1964 Plenaque
509 1867 729 1965 corporibus
746 1866 881 1940 laceris
901 1863 1086 1964 praesepia
1103 1861 1193 1949 vidi,

294 1981 463 2079 Visaque
481 1983 615 2079 dejeci,
635 1984 920 2079 dominumque,
940 1980 1121 2078 ipsosque
1139 1978 1307 2075 peremi:

331 2199 386 2247 186.
406 2197 521 2246 Pressistis
534 2216 630 2254 ern-nrm,
642 2214 705 2246 more
722 2198 796 2247 Vete-
883 2198 937 2246 192.
954 2196 1060 2244 Arandis
1067 2193 1250 2257 usststarnpar]
1269 2190 1342 2242 Mam

295 2288 357 2328 rum,
366 2271 407 2336 qui
418 2281 546 2327 tammum.
556 2288 616 2337 quos
624 2272 744 2321 debellare
754 2288 794 2321 vo·
848 2287 900 2319 mus
911 2285 976 2335 aper,
988 2266 1117 2317 Arcadmm
1129 2276 1235 2325 vastans,
1245 2269 1277 2317 ab
1288 2267 1341 2317 ller-

296 2345 387 2402 lebant,
397 2361 486 2394 cornua
498 2345 529 2394 ad
541 2355 625 2394 terram
637 2345 796 2394 deducebant.
847 2345 900 2392 cule
922 2345 990 2393 vivus
1011 2341 1042 2391 ad
1063 2341 1221 2405 Eurystheum
1242 2340 1288 2390 luit
1304 2341 1341 2390 ad·

298 2420 361 2470 Vide
370 2435 442 2485 supra
452 2437 500 2469 ver.
511 2422 552 2471 84.
584 2419 796 2484 SicergoetHer-
847 2419 943 2468 ductus.
979 2418 1084 2466 Crescere
1093 2432 1134 2478 per
1145 2417 1274 2472 domitum
1293 2430 1342 2465 con·

296 2494 363 2546 cules
372 2497 474 2543 vntidms
485 2494 654 2544 illummarum
663 2494 726 2559 apud
738 2493 796 2543 Cre·
847 2502 882 2550 fer
903 2516 996 2550 venum
1018 2501 1065 2559 70;
1093 2498 1214 2556 lloratins,
1233 2500 1281 2549 tv.
1299 2496 1343 2548 Od.

297 2577 376 2619 tenses
394 2569 601 2634 sisinniumque
619 2569 649 2617 ad
666 2567 797 2632 Eurysthea
847 2575 879 2624 iv.
901 2576 942 2624 59.
967 2591 1008 2636 per
1028 2577 1112 2623 domm
1138 2575 1225 2623 discors
1248 2580 1343 2635 epm

298 2643 416 2710 perduxit
437 2642 798 2709 Tauriignivomi,qucmiratus
847 2653 960 2699 animum.

296 2717 374 2767 Minoi
385 2719 512 2783 Neptunus
523 2719 548 2766 in
559 2717 654 2767 Cretam
664 2716 769 2764 immisit.
883 2726 939 2773 194,
959 2723 1058 2772 Thraca.
1077 2737 1159 2784 aqum
1185 2719 1260 2770 nocui
1278 2717 1344 2783 Regii

333 2793 387 2841 1117.
408 2793 571 2854 Vestrumopns
580 2792 630 2840 stu
639 2809 647 2848 ,·
666 2790 750 2855 hugis
762 2805 796 2838 re·
852 2798 955 2851 Thracis,
966 2796 1058 2845 ,cilicet
1067 2794 1193 2844 Diomedis
1204 2795 1268 2858 regis
1277 2793 1346 2843 lirra-

297 2866 334 2928 gis
345 2866 427 2915 Elidos
437 2867 556 2916 stabulum
566 2874 734 2931 expurgatum.
769 2864 799 2911 ln
849 2871 901 2921 cit,
945 2871 1024 2935 Hujus
1043 2884 1118 2934 equor
1137 2869 1227 2934 quibua
1247 2868 1347 2932 hospitas

301 2942 434 2996 Parthenio,
445 2940 573 2997 Arcadico,
591 2957 688 2996 nemore,
704 2954 799 2988 cervam
848 2944 978 2994 devorandi
1005 2943 1187 3008 objiciebantur,
1219 2942 1347 2992 meandum

299 3013 426 3079 aeripedem
437 3014 523 3062 Dianas
535 3013 654 3075 attigerat.
689 3013 800 3060 balticus
849 3018 909 3066 alios
920 3016 1021 3067 adduxit
1032 3016 1097 3064 vivos
1109 3016 1140 3065 sd
1152 3015 1297 3080 Eurysthea.
1314 3015 1348 3066 Ει

298 3087 348 3142 itte,
358 3102 429 3152 quem
438 3086 543 3135 habebar
554 3087 634 3149 regina
644 3087 799 3142 Amazonum,
849 3089 1348 3158 interpreunonelheonisSoph'ms,Pro

299 3161 331 3210 ad
357 3161 540 3210 Thermodontem
566 3161 726 3226 Cappadocia
754 3159 798 3207 llu-
848 3182 931 3229 gymu.
947 3181 1001 3229 cap.
1016 3165 1040 3213 6.
1057 3175 1081 3212 et
1097 3163 1242 3229 Palnpbsti.
1257 3179 1313 3228 cap.
1327 3165 1349 3210 4.

299 3235 374 3291 vium,
403 3233 570 3290 habitantium,
590 3233 724 3298 symbolum
749 3242 800 3282 erat
849 3239 979 3289 Diomedes
991 3238 1060 3303 equis
1070 3237 1163 3287 alendis
1175 3236 1207 3285 sd
1224 3246 1349 3302 pauperta-

300 3307 401 3373 imperii.
418 3309 507 3358 Justiu.
518 3309 545 3357 ii.
557 3310 582 3357 4.
849 3321 896 3360 tern
914 3312 1024 3360 redactus
1042 3311 1156 3374 originem
1174 3309 1264 3359 fabula
1284 3308 1347 3360 dedit

336 3383 390 3430 190.
409 3383 740 3432 Pomorustorlituubdrucons
748 3401 757 3442 ,·
769 3383 799 3432 de
849 3386 879 3435 de
896 3387 964 3451 equis
980 3385 1032 3450 ejus
1048 3383 1229 3449 rivdpopdyom
1249 3399 1348 3448 eamque

300 3456 376 3522 pom'u
394 3456 554 3521 Hesperidum
573 3457 626 3506 vide
645 3458 675 3506 ad
696 3457 727 3506 iv.
743 3460 800 3507 6³6.
849 3460 1064 3526 interpretationem
1093 3460 1177 3525 probat
1208 3459 1349 3513 Gronovius,

301 3530 481 3588 Muls‚lrustru;
494 3531 546 3581 vide
555 3533 727 3580 Burmannum.
748 3533 800 3581 Illa·
850 3536 911 3583 Oba.
922 3535 953 3583 iv.
964 3536 1004 3582 24.
1015 3533 1055 3582 ubi
1067 3533 1138 3582 docet
1146 3532 1262 3597 exemplis
1272 3532 1349 3583 allst'n

300 3603 397 3652 lededit
408 3604 534 3654 lleimius:
554 3615 675 3654 antaeum
687 3605 801 3656 edebatur
853 3609 884 3657 1⁰.
904 3607 1069 3672 patrimonium
1085 3608 1186 3656 Veteres
1201 3605 1290 3654 dixisse
1308 3609 1349 3655 uis·

301 3695 346 3727 nort
359 3681 471 3726 custodita
482 3680 557 3743 (quod
573 3680 645 3727 habet
659 3688 737 3728 noster
752 3681 801 3729 ile·
850 3699 913 3737 cero,
923 3699 1009 3737 stercor,
1020 3684 1161 3744 soregninsm,
1173 3683 1241 3736 vires,
1253 3682 1348 3737 citatim·

300 3749 353 3814 gius
364 3752 387 3798 Α
396 3751 417 3812 3)
435 3752 529 3814 plurimi
543 3752 638 3801 codices
652 3753 726 3814 (inter
741 3770 800 3817 quos
849 3757 883 3804 2⁰.
895 3757 934 3820 qui
945 3755 1111 3821 patrimonium
1122 3755 1220 3804 alterius
1232 3755 1347 3809 minuant,

301 3833 381 3874 noster
393 3826 429 3887 B)
441 3829 606 3881 coruustortitu,
618 3825 682 3890 qnod
698 3827 799 3890 degent·
850 3829 907 3887 dici,
922 3834 1037 3886 devorare,
1052 3832 1165 3878 comedam
1179 3845 1243 3884 eum,
1256 3844 1349 3892 aragus

301 3899 365 3949 risse
382 3915 411 3948 ex
430 3912 546 3948 nonsart.
582 3900 693 3949 lleinsius
711 3909 799 3949 monet.
851 3906 1050 3968 ejusmuguinem.
1069 3905 1290 3967 Piugrrsssonguias
1299 3919 1346 3951 me·

300 3972 347 4025 Sed
359 3972 482 4022 Gebhard.
493 3974 528 4021 iii.
540 3973 611 4037 Crep.
623 3975 663 4022 2³.
676 3972 736 4022 illud
748 3990 801 4038 pro·
852 3980 897 4028 lius
912 3996 994 4044 quam,
1008 3988 1081 4040 pastos
1095 3983 1219 4043 sunguine,
1231 3978 1296 4041 quod
1309 3977 1348 4026 altr

300 4049 351 4107 bat,
367 4048 425 4114 quia
442 4049 522 4106 Atlas,
541 4049 684 4114 Hesperides
703 4047 757 4101 lilim
772 4065 800 4098 sc
852 4053 956 4112 habeon
979 4054 1100 4109 llorstim,
1120 4054 1145 4100 ii.
1168 4052 1218 4102 Od.
1238 4053 1279 4102 29.
1299 4068 1347 4100 sna·

301 4123 373 4174 draco
384 4123 494 4178 custodes
503 4123 608 4174 coadditi
619 4123 720 4184 fuerant.
849 4133 922 4192 guina
930 4131 1024 4192 pinguis
1034 4145 1134 4190 euripus.
