2774 5004
260 321 728 388 METAMORPHOSEON
753 323 843 387 LlB.
869 323 938 387 XI.
1057 324 1123 390 238

141 519 202 592 [ue
220 508 304 569 toro
322 499 448 594 ponit:
478 510 632 570 renovat
648 497 845 593 lectusque
864 499 1045 594 locusque
1073 509 1075 513 ‘

141 634 281 708 cyonae
299 611 493 700 lacrimas3
524 625 562 686 et
576 637 660 709 quae
679 636 778 709 pars,
796 614 986 699 admonet,
1006 613 1115 687 absit.

141 728 265 799 tubus
285 727 471 815 exierant;
501 740 540 800 et
557 739 723 800 moverat
741 750 831 800 aura
849 729 1039 803 rudentes

141 842 247 915 rertit
261 842 367 915 lateri
386 842 594 939 pendentes
613 843 739 915 navita
757 866 901 929 remos;
1041 848 1115 917 475

141 981 301 1053 nuaque
320 957 357 1028 in
376 982 523 1030 summa
541 958 642 1031 locat
659 959 801 1042 arbore,
822 968 976 1054 totaque
995 961 1093 1033 malo

141 1074 244 1146 rbasa
261 1073 427 1158 deducit,
445 1074 715 1170 venientesque
731 1072 875 1170 exeipit
894 1098 1015 1146 auras.

141 1188 302 1272 :minus
323 1199 387 1259 aut
411 1199 514 1261 certe
533 1188 698 1261 medium
717 1213 790 1260 non
809 1188 970 1285 amplius
989 1213 1117 1285 aequor

141 1327 207 1401 spe
224 1304 434 1387 secabatur,
454 1303 642 1399 longeque
661 1314 741 1376 erat
757 1314 917 1400 utraque
932 1304 1055 1388 tellus,

141 1445 196 1491 rm
207 1443 308 1492 mare
321 1418 390 1490 sub
398 1429 546 1490 noctem
554 1418 706 1490 tumidis
715 1418 907 1491 albescere
917 1419 1033 1515 coepit
1043 1422 1116 1490 480

140 1535 279 1615 ctibus,
299 1546 337 1607 et
356 1559 523 1632 praeceps
543 1535 684 1631 spirare
702 1534 885 1607 valentius
906 1533 1041 1606 Eurus

141 1651 251 1735 ‚rdua,
267 1649 502 1745 jamdudum,
523 1648 711 1723 demittite
729 1648 905 1735 cornua,''
924 1659 1045 1722 rector

142 1777 232 1850 mat,
254 1775 277 1802 “
293 1777 331 1838 et
348 1765 519 1839 antennis
537 1775 657 1838 totum
675 1764 887 1838 subnectite
905 1763 1066 1838 velum.’‘

154 1881 288 1978 jubet:
317 1879 525 1978 impediunt
544 1880 709 1953 adversae
722 1882 832 1978 jussa
849 1880 1043 1978 procellae3

141 2021 149 2068 ε
167 1995 259 2069 sinit
276 1994 394 2068 audiri
413 2019 542 2068 vocem
560 1994 682 2090 fragor
701 1997 861 2091 aequoris
881 1997 1006 2069 ullam.
1038 2000 1112 2069 485

141 2235 180 2274 unt
190 2227 334 2275 recentiores
344 2227 460 2292 quidam;
476 2228 518 2275 sed
533 2229 564 2275 ri·
615 2229 683 2290 (vide
698 2229 814 2278 Schwars.
826 2229 856 2277 ad
868 2229 972 2278 Plinium
986 2231 1047 2278 Pan.
1060 2245 1114 2294 cap.

149 2300 367 2361 3rideHeinsium.
401 2304 464 2349 Absit
475 2302 499 2349 in
510 2318 562 2351 nos·
614 2301 667 2360 25.)
687 2312 784 2365 utraque
807 2304 883 2357 tellus,
899 2314 924 2351 et
943 2301 1070 2350 Trachinia
1090 2313 1114 2350 ct

141 2375 217 2439 egiis.
615 2375 681 2430 Asin,
693 2386 719 2424 ut
730 2376 788 2425 adeo
805 2391 834 2424 ne
849 2376 936 2424 tabulis
947 2375 1042 2439 quidem
1057 2375 1114 2422 insi·

141 2473 152 2498 r.
179 2448 284 2495 Murmur
304 2465 362 2495 aura
380 2449 507 2510 rudentes]
535 2449 563 2496 ld
614 2449 697 2497 dentes
713 2466 774 2497 unus
794 2460 817 2498 et
835 2450 895 2497 alter
913 2449 1014 2497 salutem
1034 2457 1113 2511 peterc

142 2521 288 2569 admonebat
306 2528 398 2577 nautas,
415 2529 441 2568 ut
459 2520 563 2569 velorum
615 2531 719 2587 possent.
754 2524 801 2570 Sub
819 2533 904 2570 noctem
924 2532 965 2570 aut
983 2523 1023 2568 snb
1040 2531 1112 2575 nocte,

141 2603 250 2643 erentur.
280 2595 407 2642 Obvertunt
417 2611 473 2657 ergo
484 2597 562 2651 lateri,
614 2599 736 2659 ingruente
756 2605 832 2651 nocte,
852 2605 878 2643 ut
895 2598 935 2642 sub
952 2597 1004 2649 sile,
1023 2593 1112 2642 oriente

141 2667 470 2730 »cestremigaredesistunt
497 2669 564 2716 Tunc
614 2670 670 2717 sole.
705 2669 784 2716 Noctu
796 2676 861 2715 tanto
873 2667 971 2715 atrocior
987 2667 1041 2714 talis
1052 2674 1111 2712 tern-

141 2756 223 2795 remos,
232 2749 302 2787 antea
311 2744 439 2801 pendentes,
449 2750 564 2789 transver-
614 2752 701 2808 pestes.
736 2743 854 2797 Albitndo,
868 2755 954 2804 spuma
970 2740 1025 2787 alba
1038 2753 1112 2801 nqua-

141 2822 216 2869 urunt,
235 2830 264 2861 ne
282 2815 419 2877 frangantur
438 2817 467 2862 ab
486 2816 564 2870 undis,
614 2832 673 2871 rum,
686 2830 757 2879 quarn
775 2814 847 2862 efficit
863 2815 951 2878 primus
968 2822 1060 2866 ventus,
1075 2812 1120 2859 lu·—

147 2886 435 2936 inltibereretnosdicitur.
470 2889 563 2936 Cornua
614 2900 671 2939 turae
683 2888 828 2952 tempestatis
839 2888 962 2937 indicium.
987 2886 1111 2950 Virgilius,

151 2977 203 3009 rer.
220 2963 282 3017 482;
299 2974 417 3015 antenna,
435 2960 465 3008 ad
484 2961 562 3009 Graec.
614 2966 671 3011 AEn.
680 2962 721 3010 vii.
732 2964 788 3011 528.
825 2962 901 3009 Eurus
918 2961 1030 3011 adversus
1046 2969 1082 3008 est
1097 2976 1110 3007 e

141 3044 188 3082 tet
197 3036 300 3098 κεραῖαι,
312 3050 411 3098 quarum
427 3034 562 3082 extremitat·
614 3036 708 3084 Graeeia
719 3036 743 3083 in
754 3035 836 3083 Asiam
849 3036 1023 3098 navigantibus.

141 3107 275 3172 εροκέρωα.
309 3110 432 3156 Antennas
459 3107 561 3164 funibus,
646 3111 702 3157 482.
720 3111 802 3156 Ardua
818 3113 937 3165 demittite,
948 3108 1008 3169 etc]
1026 3107 1111 3155 Studia

141 3181 236 3245 saginas
250 3181 372 3236 dicebant,
385 3184 497 3235 Incolunt,
510 3181 561 3228 alli·
613 3193 738 3231 nautarum
755 3199 846 3230 summo
860 3198 915 3230 cum
932 3181 1110 3229 concursatione

141 3258 405 3315 tinsnpremnartnre,
417 3255 440 3302 in
451 3271 561 3318 suprema
612 3256 656 3303 sibi
684 3256 784 3318 navique
813 3254 992 3302 consulentium.
1037 3253 1108 3302 Conl.

141 3339 202 3378 arte.
216 3330 352 3378 Dededucit
361 3330 415 3376 vide
424 3330 453 3376 ad
462 3328 495 3377 iii.
503 3331 560 3377 663.
612 3329 766 3383 Claudianus,
785 3329 814 3375 B.
830 3329 885 3375 Get.
898 3344 945 3375 ver.
956 3328 1018 3374 274:
1039 3328 1109 3375 Nunc

141 3414 189 3458 stes,
200 3404 374 3458 orientes,flnre
386 3403 532 3466 incipientes.
612 3407 696 3449 instare
715 3419 794 3457 mortu,
816 3411 861 3448 toto
883 3418 944 3448 nurrc
966 3402 1043 3448 robore
1064 3405 1108 3448 niti

142 3510 150 3524 .
169 3479 218 3523 Aut
236 3480 318 3527 missus.
331 3488 381 3529 ant,
393 3475 454 3536 etc]
473 3475 558 3539 Sequi·
613 3478 730 3523 Communi
749 3492 790 3537 pro
808 3476 857 3522 luce
876 3478 955 3530 ἀπεὶς
975 3492 1109 3523 succurrere

141 3549 239 3598 rrrendte
259 3550 406 3612 tempestatis
426 3550 559 3614 descriptio,
611 3553 672 3604 celis,
685 3549 924 3613 Esbourirefretum,
938 3552 1012 3595 storius
1028 3559 1109 3608 apture

141 3624 230 3688 ringula
250 3625 383 3688 diligenter,
404 3634 507 3687 apteque
529 3624 560 3671 ad
610 3627 725 3680 rudentes,
736 3624 845 3669 Omnibus
852 3633 873 3669 et
883 3624 945 3670 docti
948 3626 1020 3684 jussis
1029 3638 1109 3682 parere

141 3714 177 3747 sm
202 3699 354 3762 injiciendum
380 3707 494 3753 recenset,
518 3698 559 3745 sed
610 3701 722 3761 ningistrt'.
756 3697 906 3750 Jnmdndunr,
934 3696 1053 3748 continuo,
1082 3706 1109 3743 ut

142 3772 285 3820 luxuriantis
297 3772 383 3836 ingenii
395 3772 560 3835 ineptotlusus
611 3771 661 3818 xiii.
674 3773 729 3818 457.
742 3780 765 3817 et
783 3772 850 3833 Virg.
865 3772 923 3817 AEn.
942 3771 965 3816 ii.
981 3771 1033 3817 103.
1043 3774 1107 3830 ,innt-

141 3845 185 3893 llos
201 3845 281 3899 habet,
299 3862 341 3893 nec
361 3844 457 3893 modum
473 3853 559 3892 serunt.
610 3847 697 3892 (ludum
714 3848 795 3891 sumite
813 3861 897 3904 pertus,
915 3843 955 3892 nbi
975 3844 1028 3891 vide
1048 3843 1107 3889 Bur·

141 3923 157 3967 tt
174 3919 261 3967 Nostro
282 3919 404 3983 Virgilius,
421 3922 478 3966 AEn.
496 3918 512 3965 i.
529 3920 558 3966 81
611 3935 733 3966 mannum.
751 3920 880 3965 subnectite
891 3916 1060 3972 celum,velum
1071 3915 1106 3961 in-

142 3992 179 4041 iii.
195 3996 248 4042 193.
281 3994 352 4043 Cont.
370 3994 382 4040 l
400 3994 470 4041 Trist.
488 3993 512 4040 ii.
533 3995 561 4039 1⁴
611 3994 718 4040 volutum
740 3992 837 4054 alligate
859 3989 975 4037 antennis.
1010 3987 1039 4033 ld
1059 4001 1106 4048 quo

141 4067 171 4117 iv.
182 4070 279 4123 5-16;
298 4067 370 4116 Silius
383 4067 439 4115 xvii,
450 4069 498 4115 250
509 4083 562 4131 sqq.
613 4075 682 4130 pacto
696 4067 784 4113 lactum
803 4064 841 4119 sit,
853 4063 953 4111 ostendit
970 4061 1017 4108 lab.
1029 4060 1070 4105 20.
1082 4058 1107 4105 in

149 4153 209 4197 erat,
220 4144 289 4207 longe
301 4144 391 4198 aberat,
401 4151 490 4191 remota
501 4150 559 4196 erat,
611 4140 700 4188 l’otteri
712 4138 830 4186 Arcbaeol.
841 4146 896 4184 tom.
908 4136 933 4183 ii.

141 4217 227 4265 LIV.
708 4211 757 4258 llb
