2774 5004
349 320 818 386 METAMORPHOSEON
842 321 931 387 LlB.
955 321 1032 387 XV.
1147 323 1211 388 4⁴7

162 492 342 567 Admotis
360 492 599 567 Athamantis
618 492 726 590 aquis
745 495 953 569 accendere
969 494 1113 592 lignum

166 607 364 694 Narratur,
385 608 557 683 minimos
573 634 692 706 quum
712 609 817 684 Luna
834 611 991 684 recessit
1009 613 1047 684 in
1065 611 1187 685 orbes.

167 720 329 798 Flumen
348 723 491 798 habent
509 724 686 811 Cicones,
699 726 801 822 quod
816 736 947 822 potum
960 751 1076 800 saxea
1093 726 1216 801 reddit

164 837 337 925 Viscera,
357 841 459 936 quod
477 841 588 913 tactis
607 840 750 915 inducit
765 864 948 914 marmora
966 843 1090 915 rebus.

168 952 336 1042 Crathis,
352 965 391 1028 et
407 955 495 1027 huic
511 954 669 1053 Sybaris
683 954 820 1028 nostris
836 956 1090 1030 conterminus
1106 957 1215 1045 arvis,

167 1065 322 1142 Electra
340 1067 482 1142 similes
500 1068 641 1143 faciunt
659 1093 825 1166 auroque
844 1070 1012 1166 capillos.
1141 1076 1216 1146 316

168 1181 361 1280 Quodque
378 1185 499 1281 magis
517 1186 665 1275 mirum,
678 1197 768 1259 sunt
785 1185 850 1282 qui
868 1210 942 1258 non
959 1209 1117 1283 corpora
1133 1197 1216 1260 tan·

319 1310 416 1386 tum,

166 1412 310 1487 Verum
327 1415 472 1488 animos
490 1416 604 1489 etiam
620 1417 772 1490 valeant
788 1425 944 1501 mutare,
963 1415 1141 1512 liquores.

168 1528 244 1602 Cui
262 1554 336 1602 non
355 1530 483 1604 audita
501 1542 559 1605 est
576 1531 764 1605 obscoenae
784 1528 967 1604 Salmacis
986 1530 1123 1602 undae?
1141 1535 1215 1616 319

168 1643 443 1743 AEthiopesque
461 1648 592 1720 lacus?
618 1648 763 1744 quossi
783 1647 868 1743 quis
886 1646 1057 1719 faucibus
1077 1646 1213 1733 hausit,

167 1759 247 1834 Aut
263 1761 365 1848 furit,
384 1773 450 1836 aut
467 1762 603 1837 mirum
620 1763 761 1860 patitur
777 1764 960 1859 gravitate
977 1786 1162 1860 soporem.

166 1874 324 1950 Clitorio
343 1879 560 1976 quicunque
578 1880 679 1952 sitim
696 1879 744 1953 de
761 1879 863 1952 fonte
880 1877 1028 1964 levarit,

198 2076 255 2123 311.
267 2079 369 2126 Admotis
379 2079 533 2134 Athamantis,
544 2077 604 2142 eta]
622 2077 664 2127 So
714 2077 809 2126 Thuriis
834 2076 942 2126 Crathim
976 2075 1101 2126 candorem
1129 2076 1216 2134 iacere,

164 2148 216 2197 tion
237 2148 262 2198 in
282 2150 426 2201 Paradoxol.
446 2152 477 2201 de
498 2151 662 2200 Fluminibus:
714 2151 823 2214 Sybarim
843 2151 962 2216 nigritiam
983 2152 1059 2200 bobus
1079 2165 1107 2199 sc
1129 2150 1217 2215 pecori.

165 2222 212 2272 Ἐν
221 2222 345 2289 Ἀθαμᾶσι
353 2224 453 2290 κρήνην
461 2225 532 2281 εἶναι,
541 2224 571 2286 ἧς
580 2227 610 2275 τὸ
619 2227 666 2290 μὲν
716 2224 781 2281 Quin
796 2233 820 2273 et
835 2224 942 2274 homines
959 2225 1045 2273 sentire
1060 2223 1217 2274 differentiam

164 2294 230 2361 stop
249 2296 349 2363 ψυχρὸν
370 2298 504 2364 ὑπάρχειν,
522 2300 550 2349 rb
569 2297 665 2363 δ’ὐπὲρ
715 2313 768 2345 eam
778 2315 786 2356 3
804 2313 859 2347 nam
879 2299 920 2361 qui
941 2297 1051 2361 Sybarim
1070 2296 1163 2354 bibant,
1180 2297 1216 2346 ni·

163 2371 236 2427 airh.
256 2370 321 2421 oisc
341 2372 431 2438 θερμὸν
450 2371 583 2438 ὑπάρχειν,
604 2374 665 2423 ὥστε
715 2369 801 2433 griores
827 2385 887 2425 esse,
909 2369 1062 2433 durioresque
1088 2378 1113 2418 et
1139 2370 1216 2434 crispo

164 2445 201 2493 dr
211 2462 249 2502 τις
261 2444 355 2510 ὑπερθῇ
369 2445 495 2511 φρύγανα,
508 2449 664 2513 παραχρῆμα
714 2440 818 2506 capillo;
835 2440 876 2505 qui
898 2456 928 2489 ex
947 2440 1071 2495 Crathide,
1090 2439 1214 2496 candidos,

162 2516 322 2572 κόπτεσθαι.
344 2519 491 2569 Athamanes
508 2521 605 2586 Epirum
627 2521 664 2568 in·
715 2514 879 2579 mollioresque
892 2529 921 2562 ac
932 2514 1144 2579 porrectscoma.”
1170 2515 1214 2578 sy-

163 2591 297 2649 coluerunt,
313 2594 382 2658 cujus
395 2608 450 2658 pars
465 2594 536 2642 etiam
555 2593 665 2649 Dodone,
714 2588 778 2639 baris
803 2598 883 2638 autem
918 2592 1071 2637 conterminus
1098 2587 1216 2637 Crathidi.

164 2665 206 2713 cui
227 2665 290 2715 hunc
311 2666 399 2716 iontem
419 2666 503 2716 tribuit
521 2666 623 2722 Plinius,
640 2666 665 2716 ii.
715 2661 802 2712 Vibius
811 2663 951 2727 sequester:
971 2667 986 2689 ‘¹
997 2659 1101 2717 Crathis,
1116 2661 1216 2709 confinis

168 2741 231 2787 103:
249 2746 265 2767 ‘⁸
277 2740 307 2788 ln
321 2740 422 2789 Dodone
439 2740 506 2790 Jovis
525 2741 577 2788 fons
592 2755 666 2803 quum
715 2736 808 2801 Sybari,
826 2735 926 2801 capillos
943 2735 1002 2784 facit
1022 2734 1087 2783 aurei
1106 2733 1215 2783 coloris.”

165 2812 198 2862 sit
211 2813 313 2877 gelidus,
328 2821 353 2863 et
370 2813 492 2862 immersas
506 2814 571 2862 iaces
588 2812 667 2862 extin-
716 2811 747 2858 Et
766 2810 889 2866 Thorium,
917 2809 1011 2858 colonia
1030 2808 1214 2859 Atheniensium

165 2895 233 2951 guat,
252 2886 272 2935 si
297 2886 409 2936 exunctus
428 2887 605 2943 admoveantur,
626 2902 666 2935 ac·
716 2885 747 2933 ed
766 2884 843 2934 sinum
857 2885 1021 2940 Tarentinum,
1031 2882 1077 2932 sits
1093 2882 1139 2932 luit
1155 2884 1215 2934 inter

169 2960 278 3009 cendit.”
716 2966 843 3023 utmmque
864 2958 970 3008 fluvium.
1002 2958 1040 3007 Ita
1057 2962 1138 3006 nostris
1154 2963 1215 3009 crois

199 3035 257 3082 313.
272 3034 369 3082 Flumen
386 3035 468 3087 labem
480 3033 596 3096 ciccum]
615 3034 665 3082 Pli·
716 3031 807 3080 dictum
825 3039 877 3082 erat
893 3048 943 3097 pro,
959 3031 984 3080 in
1001 3031 1086 3080 nostris
1104 3032 1173 3088 srvis,
1188 3042 1215 3081 ut

165 3109 229 3163 nius,
242 3106 268 3154 ii.
285 3108 344 3155 10³:
363 3113 379 3135 ‘⁸
393 3106 422 3156 In
437 3107 553 3156 Ciconum
570 3107 666 3157 flumine
716 3106 809 3154 millies.
827 3108 959 3155 Burmann.
970 3114 1051 3154 tamen
1061 3121 1091 3154 ex
1102 3121 1150 3152 uno
1160 3107 1214 3155 Mc·

164 3189 190 3229 et
206 3179 231 3228 in
242 3179 331 3229 Picano
346 3180 402 3228 lacu
415 3179 502 3229 Velina
517 3181 609 3244 lignum
624 3180 665 3230 de·
716 3179 763 3227 dic.
780 3179 873 3236 suadet,
890 3189 912 3227 et
928 3181 965 3228 tie
981 3181 1083 3242 Sybaris,
1097 3188 1124 3226 ut
1145 3179 1214 3242 quasi

161 3254 254 3319 jectum
264 3252 360 3317 lapideo
371 3253 458 3302 cortice
469 3252 621 3302 obducitur.”
715 3251 860 3301 demonstret
878 3251 983 3300 vicinum
1004 3250 1118 3309 fluvium
1139 3250 1215 3300 idern·

200 3327 257 3375 ³15.
275 3326 376 3382 Crathis,
385 3326 526 3374 Thuriorum
539 3325 564 3373 in
579 3341 665 3391 magns
715 3341 762 3389 que
781 3342 810 3374 es
827 3324 936 3373 Salmasii
950 3325 1089 3372 Exercitstt.
1103 3323 1169 3372 Plin.
1186 3342 1212 3391 p.

166 3400 262 3452 Gracia
281 3399 375 3449 fluvius.
412 3399 469 3448 Vim
490 3399 603 3448 rutilsndi
624 3416 664 3449 cs·
715 3399 772 3446 540.
790 3407 864 3454 notat,
880 3406 906 3447 ut
918 3397 958 3445 hic
977 3399 1059 3445 electro
1074 3398 1165 3453 similes,
1181 3398 1215 3459 ita

166 3474 237 3542 pillos
261 3473 284 3523 ei
306 3473 423 3529 tribuunt,
446 3483 498 3538 post
519 3473 664 3539 Euripidem,
715 3470 834 3521 Neronem
846 3471 955 3536 Poppcrs
968 3470 1045 3520 crines
1061 3473 1215 3537 ruodmsp·

165 3546 585 3611 Τωα1227.(ὸεανθὰνχα1ταν
601 3565 664 3612 trup-
716 3544 828 3608 pellhsse.
870 3545 972 3593 Notatur
1000 3543 1144 3593 Herodotum
1171 3548 1216 3596 τὸν

167 3620 375 3685 senovastre.)
388 3620 458 3669 multi
472 3620 513 3669 alii
530 3621 664 3686 scriptores,
716 3619 794 3681 ξηρὸν
812 3616 909 3682 Κρᾶθιν
929 3633 1057 3667 memoras.
1092 3618 1131 3667 De
1152 3619 1216 3670 tonte

166 3710 227 3759 quos
238 3693 293 3743 vide
311 3693 375 3758 apud
393 3693 488 3743 Cluver.
505 3693 563 3742 Ital.
581 3694 666 3760 Antiq.
716 3692 845 3742 Salmacids
856 3692 909 3741 vide
920 3707 990 3758 supra
1001 3692 1035 3742 iv.
1044 3694 1100 3742 285.

166 3768 200 3817 ir.
212 3769 258 3827 14;
274 3767 367 3824 Strabo,
383 3766 426 3815 lib.
439 3766 471 3815 vi.
482 3782 539 3831 pag.
550 3768 606 3816 620.
618 3775 665 3815 tra-
748 3768 805 3816 ³22.
817 3768 928 3817 Clitorius
938 3767 990 3816 fons
999 3767 1070 3832 juxta
1081 3766 1214 3824 Clitorium,

166 3841 211 3898 dit,
220 3857 274 3891 eum
286 3840 364 3889 iacere
380 3842 438 3899 τοὺς
449 3840 476 3888 lv
487 3840 556 3904 αὐτῷ
565 3839 666 3906 hanopi-
716 3842 798 3890 urbem
809 3841 936 3901 Arcadian
954 3840 1092 3896 Pausanias,
1101 3839 1150 3887 viii.
1160 3854 1216 3904 cap.

167 3932 227 3973 vove
243 3914 415 3978 Εανθατριχιῑν
434 3916 475 3963 sul
491 3915 666 3980 λευκατριχεῖν.
716 3917 757 3965 at.
789 3916 828 3965 De
844 3916 897 3980 ejus
913 3923 998 3962 natura
1011 3911 1112 3967 Plinius,
1124 3911 1213 3960 xxii:

167 3988 285 4044 Eandem,
304 4002 333 4035 ac
348 3987 427 4051 potius
442 3988 513 4036 aliam
528 4004 575 4037 non
589 3987 667 4037 minus
716 3995 733 4016 ‘⁶
743 3988 819 4036 Varro
838 3987 1025 4038 tradit—vinum
1047 3984 1117 4033 tedio
1135 3985 1215 4035 venire

167 4061 253 4111 miram
264 4061 313 4110 rim
324 4061 428 4111 habebat
439 4063 545 4126 Sybaris,
562 4060 665 4118 Plinius,
717 4061 761 4119 his,
772 4061 853 4126 quiex
869 4061 967 4111 Clitorio
977 4059 1031 4108 lacu
1046 4057 1157 4108 biberint.
1182 4059 1216 4109 At

168 4133 234 4184 xxxi.
252 4137 281 4184 2:
311 4134 521 4200 “Theophrastus
542 4134 621 4191 tradit,
642 4134 667 4184 in
717 4134 831 4184 Eudoxus
839 4135 1037 4199 etThsopompus
1045 4130 1154 4181 inebriari
1164 4131 1215 4183 ion·
