2774 5004
292 323 337 390 20
590 320 630 385 Ρ.
653 317 815 385 OVIDII
840 317 1055 384 NASONIS

298 495 431 570 Traxit
447 496 486 569 in
503 494 742 592 exemplum3
771 492 947 589 ferroque
962 491 1094 566 incidit
1110 501 1227 566 acuto
1277 493 1343 563 245

301 611 511 710 Perpetuos
528 611 684 699 dentes;
714 620 754 683 et
771 632 889 682 serrae
900 608 1067 707 repperit
1083 633 1208 682 usum.

302 725 452 800 Primus
470 737 574 800 etex
592 749 667 797 uuo
686 725 761 797 duo
779 723 899 798 ferrea
916 724 1069 798 brachia
1086 723 1187 796 nodo

302 841 447 931 Vinxit,
467 853 521 929 ut,
539 842 675 938 aequali
694 842 817 938 spatio
834 840 1062 915 distantibus
1081 839 1168 925 illis,

303 957 434 1032 Altera
450 982 538 1057 pars
556 968 695 1046 staret;
726 981 812 1055 pars
831 957 950 1031 altera
966 957 1123 1029 duceret
1139 955 1286 1028 orbem.

305 1073 486 1146 Daedalus
504 1071 648 1157 invidit,
669 1095 853 1168 sacraque
872 1095 920 1145 ex
938 1095 1024 1144 arce
1042 1068 1227 1144 Minervae
1282 1072 1347 1143 250

306 1188 547 1286 Praecipitem
567 1187 692 1271 mittit,
712 1187 860 1284 lapsum
878 1185 1081 1259 mentitus:
1110 1195 1151 1258 at
1170 1184 1290 1271 illum,

307 1303 401 1389 Quae
420 1302 520 1378 favet
538 1302 710 1399 ingeniis,
730 1303 882 1399 excepit
901 1302 1049 1389 Pallas;
1079 1325 1268 1399 avemque

308 1419 503 1504 Reddidit,
522 1429 561 1492 et
578 1418 703 1492 medio
719 1420 856 1492 velavit
873 1419 911 1491 in
929 1443 1015 1493 aere
1033 1417 1181 1517 pennis.

310 1536 388 1609 Sed
405 1535 509 1631 vigor
523 1536 663 1631 ingenii
678 1536 869 1632 quondam
887 1535 1039 1617 velocis,
1057 1534 1097 1607 in
1115 1535 1196 1607 alas
1285 1536 1349 1606 254

311 1648 433 1745 inque
452 1650 569 1747 pedes
588 1648 700 1722 abiit:
721 1651 980 1747 nomen,quod
995 1660 1035 1723 et
1052 1659 1151 1736 ante,
1167 1647 1349 1723 remansit.

312 1762 400 1836 Non
417 1775 542 1837 tamen
562 1764 641 1836 haec
660 1764 736 1837 alte
753 1766 914 1838 volucris
933 1790 1003 1838 sua
1019 1788 1179 1863 corpora
1192 1763 1305 1851 tollit,

313 1876 350 1950 N
353 1902 396 1952 ec
410 1879 501 1952 facit
514 1879 552 1952 in
570 1880 681 1953 ramis
699 1881 851 1980 altoque
867 1881 1063 1955 cacumine
1077 1879 1208 1969 nidos;

314 1992 475 2093 Propter
493 1996 648 2069 humum
663 1998 804 2084 volitat,
820 1999 1003 2097 ponitque
1021 1998 1058 2070 in
1077 1997 1235 2095 sepibus
1253 2019 1338 2083 ova;

313 2110 547 2208 Antiquique
565 2136 707 2185 memor
724 2114 857 2187 metuit
874 2113 1050 2187 sublimia
1065 2136 1190 2189 casus.

366 2224 432 2299 lV.
450 2225 614 2326 Jamque
624 2226 821 2325 fatigatum
833 2229 945 2302 tellus
957 2229 1103 2302 AEtnaea
1115 2229 1274 2303 tenebat
1289 2232 1354 2300 260

317 2341 518 2417 Daedalou:
540 2354 580 2416 et
596 2344 756 2442 sumptis
775 2369 842 2443 pro
860 2345 1030 2444 supplice
1049 2345 1216 2418 Cocalus
1234 2345 1343 2418 armis

317 2455 423 2530 Mitis
442 2458 671 2532 habebatur:
695 2461 776 2557 jam
794 2460 1033 2534 lamentabile
1051 2460 1212 2535 Athenae

348 2676 405 2725 250.
416 2676 526 2740 Invidit]
540 2676 659 2742 Hyginus,
671 2687 763 2740 propter
773 2696 812 2726 nr·
862 2676 911 2726 fab.
927 2677 1071 2737 171-174·;
1088 2676 1229 2734 Pausanias,
1241 2676 1328 2726 Aresd.
1337 2690 1357 2740 p.

316 2751 577 2815 &intimantem
590 2755 716 2814 ltprimum
728 2769 813 2800 serram
863 2754 929 2812 6923
952 2752 1095 2808 Antoninus,
1122 2753 1148 2800 2.
1176 2767 1206 2800 ex
1233 2752 1357 2801 Nicandro.

316 2829 442 2872 irivenerat·
478 2827 643 2891 Apollodorus,
665 2825 753 2886 blanc,
777 2829 812 2892 μὴ
864 2826 943 2875 Etiam
955 2825 1104 2890 Pherecydes
1118 2832 1143 2873 et
1155 2825 1294 2891 Euphorion
1311 2839 1358 2873 nar·

317 2895 356 2945 te
366 2901 415 2958 τήν
426 2899 528 2962 εὐφυΐαν
538 2901 616 2949 αὐτὸν
632 2900 770 2966 ὑπερβάλῃ·
788 2918 815 2948 es
863 2910 972 2950 severant
989 2899 1103 2955 fabulam,
1121 2907 1172 2947 tum
1194 2899 1323 2965 Euripides
1339 2899 1358 2945 in

318 2988 379 3026 arce,
390 2971 443 3022 ἀπὸ
454 2977 500 3031 τῆς
511 2973 675 3038 ἀκροπόλεως.
865 2975 989 3037 Meleagro
1007 2981 1158 3025 tractaverat,
1173 2973 1239 3023 unde
1255 2989 1304 3022 non
1321 2973 1359 3021 nisi

352 3046 409 3092 ⁸258.
422 3046 534 3108 l'om'tpne
549 3049 575 3093 in
585 3048 745 3110 septemve]
766 3047 815 3095 Pli·
866 3064 943 3114 pauca
963 3047 1095 3112 fragmenta
1107 3055 1242 3111 supersunt,
1254 3063 1308 3112 quse
1327 3047 1362 3095 hs·

320 3118 381 3174 nius,
393 3135 417 3165 x.
430 3120 478 3167 32:
500 3119 606 3167 Perdices
616 3122 681 3181 spina
695 3131 717 3167 et
725 3123 818 3186 jiritice

318 3194 350 3238 sic
371 3195 480 3239 muniant
498 3194 673 3253 recemundum,
691 3203 717 3240 nt
739 3205 818 3242 contra

312 3265 381 3330 serm
392 3267 482 3312 abunde
491 3266 615 3321 vallentur,
627 3274 651 3313 et
662 3282 715 3330 sqq.
748 3269 817 3316 Anti·

319 3343 408 3402 qm'qne,
433 3346 479 3386 etc.
520 3338 609 3388 Similis
636 3340 763 3396 sententia,
792 3340 818 3388 ii.

354 3487 493 3535 aee-5⁴5.
517 3488 609 3543 OEneun
633 3488 772 3537 Parthaonis
792 3490 819 3537 li·

321 3561 377 3618 lius,
390 3561 485 3609 AEtoliae
495 3577 545 3617 rex,
556 3563 624 3628 cujus
638 3565 693 3611 urbs
706 3565 818 3627 Calydon,

322 3651 395 3698 quum
407 3633 491 3682 Dianae
511 3635 601 3683 cultum
618 3638 767 3700 neglexisset,
779 3637 821 3686 illa

323 3709 390 3757 terris
401 3710 452 3773 ejus
463 3716 555 3757 vastum
566 3728 647 3772 aprum
663 3711 767 3767 immisit,
779 3711 819 3776 qui

321 3791 413 3846 segetes
435 3791 546 3837 vastaret,
572 3783 723 3848 pecudesque
746 3785 816 3833 truci·

322 3853 398 3903 daret.
424 3855 517 3904 Fabula
527 3856 709 3905 sstiscelebrata
720 3872 734 3904 a
745 3858 817 3922 scrip-

322 3927 410 3976 toribus
431 3928 543 3990 antiquis.
581 3930 676 3978 Cenler.
693 3931 817 3986 Homerus,

248 4039 254 4048 .
324 4001 354 4050 ll.
366 4002 380 4049 i.
393 4003 456 4060 5293
474 4002 644 4060 Callimachus,
657 4004 736 4067 hymn.
748 4005 821 4053 Dian.

324 4077 388 4135 216;
406 4076 532 4133 Diodorus,
549 4076 581 4124 iv.
597 4094 624 4145 p.
640 4080 705 4135 240;
723 4079 819 4144 Apollo-

323 4149 402 4209 dorus,
414 4151 434 4200 1.
447 4151 533 4212 vitta,
551 4152 599 4200 Ill.
612 4152 668 4201 irae
676 4171 683 4213 ;
703 4153 819 4217 Hyginus,

866 3123 909 3171 bes
926 3121 951 3170 in
968 3123 1096 3170 Vallenar.
1115 3120 1194 3168 Diatr.
1207 3137 1233 3185 p.
1253 3123 1300 3170 137
1313 3137 1361 3186 sqq.

869 3197 928 3243 Eam
940 3196 1044 3243 tabulam
1057 3194 1166 3242 latinam
1176 3194 1267 3243 feceret
1278 3195 1363 3243 Attius

867 3269 897 3316 ln
912 3269 988 3334 prima
1002 3268 1076 3332 mythi
1095 3277 1161 3332 parte
1180 3283 1256 3331 nsque
1274 3269 1306 3316 ad
1318 3284 1364 3316 ver·

867 3358 919 3390 sum
931 3344 989 3391 300.
1006 3343 1091 3390 Noster
1105 3342 1236 3389 Homerum
1253 3341 1364 3406 sequitur,

868 3426 893 3466 et
904 3417 1005 3481 singula,
1015 3432 1068 3481 que
1079 3415 1121 3462 ille
1132 3414 1235 3462 breviter
1246 3422 1366 3470 memoret,

869 3507 912 3539 suo
923 3490 993 3540 modo
1003 3499 1109 3538 exornat.
1141 3487 1237 3536 Transit
1246 3497 1327 3536 eutem
1339 3486 1366 3536 ad

869 3580 923 3629 sqq.
949 3580 990 3628 per
1018 3564 1094 3611 Thesei
1122 3563 1208 3608 laudes
1240 3561 1367 3624 Jamque-

870 3639 1001 3686 habebatur.
1019 3635 1082 3684 Vide
1095 3634 1228 3682 adversum
1240 3636 1295 3682 103.
1323 3635 1367 3683 Fa·

871 3713 968 3775 tigatnm
980 3710 1017 3757 vel
1026 3708 1114 3763 volatu,
1123 3707 1162 3755 vel
1173 3706 1239 3755 luctu
1251 3721 1275 3755 et
1286 3723 1368 3756 erum·

873 3786 916 3840 nis,
926 3793 953 3832 ut
964 3785 995 3832 iv.
1006 3785 1062 3832 663.
1078 3781 1183 3831 Cadmus
1195 3784 1262 3829 tuctu
1273 3787 1369 3846 serieque

872 3860 982 3907 mabsam
991 3862 1072 3906 ebriis.
1101 3858 1177 3904 Armis
1187 3866 1270 3904 contra
1280 3856 1371 3910 Minoa.

872 3933 913 3995 qui
925 3931 1052 3980 Daedalum
1066 3930 1110 3978 sihi
1123 3928 1276 3993 deposcebat.
1304 3930 1371 3977 Mitis

871 4008 1002 4059 irridebatur,
1034 4001 1237 4052 commiseratione
1273 4002 1371 4051 Daeduli

871 4090 948 4128 tactus
964 4096 1018 4128 eum
1031 4080 1055 4126 in
1066 4077 1165 4126 tutelam
1176 4087 1313 4141 receperat:
1332 4079 1371 4125 hs·

871 4156 964 4203 hebetur
975 4171 1017 4220 pro
1029 4151 1129 4217 vulgari,
1140 4159 1199 4200 erat.
