2774 5004
299 331 343 397 28
549 330 552 335 ’
582 327 621 394 Ρ.
646 325 808 392 OVIDII
832 324 1045 391 NASONIS

301 504 410 577 Vana
426 501 507 589 fuit,
527 513 738 599 truncoque
755 500 861 575 dedit
878 501 960 573 leve
976 499 1114 572 vulnus
1132 522 1281 574 acerno.

302 619 494 705 Proxima,
514 619 544 691 si
563 618 688 690 nimiis
707 617 889 691 mittentis
905 617 1046 689 viribus
1063 640 1134 690 usa

303 733 392 808 Non
409 735 516 820 foret,
534 736 572 806 in
589 744 696 830 tergo
712 734 792 806 visa
809 744 868 806 est
884 733 1032 805 haesura
1045 731 1188 828 petito:
1237 786 1248 803 .

304 849 469 946 Longius
487 853 537 924 tt:
567 860 697 923 auctor
713 849 777 921 teli
798 849 1002 943 Pagasaeus
1021 846 1147 920 lason.
1276 848 1342 916 349

304 973 328 1002 “
345 965 526 1053 Phoebe,'’
540 964 849 1062 aitAmpycides,
864 974 887 1002 “
897 964 977 1037 site
987 963 1164 1059 coluique
1178 961 1344 1056 coloque,

303 1079 364 1153 Da
381 1081 485 1166 mihi,
504 1081 606 1176 quod
625 1080 777 1177 petitur,
796 1090 900 1153 certo
917 1079 1135 1173 contingere
1154 1076 1270 1150 telo.''

304 1195 390 1279 Qua
407 1199 531 1294 potuit
548 1197 723 1294 precibus
740 1196 845 1269 Deus
860 1195 1012 1267 annuit:
1040 1196 1138 1267 ictus
1157 1195 1206 1266 ab
1225 1193 1299 1278 illo,

306 1312 383 1385 Sed
402 1313 482 1386 sine
499 1315 664 1396 vulnere,
684 1336 794 1410 aper:
822 1311 960 1384 ferrum
980 1311 1102 1384 Diana
1118 1309 1262 1382 volanti

303 1429 524 1503 Abstulerat
536 1431 686 1525 jaculo;
718 1430 859 1525 lignum
878 1429 958 1501 sine
977 1427 1150 1500 acumine
1167 1426 1284 1500 venit.

305 1544 367 1618 Ira
383 1546 450 1617 feri
469 1556 571 1618 mota
588 1557 663 1633 est;
694 1570 762 1618 nec
781 1544 936 1617 fulmine
954 1544 1076 1616 lenius
1092 1543 1205 1616 arsit:
1272 1545 1345 1613 ’356

306 1659 390 1731 Lux
408 1661 522 1732 micat
540 1684 588 1732 ex
606 1660 737 1744 oculis,
751 1660 944 1757 spiratque
963 1682 983 1731 e
1003 1668 1156 1755 pectore
1170 1656 1333 1729 flamma.

307 1773 437 1870 thue
455 1774 555 1845 volat
569 1775 700 1858 rnoleS,
720 1775 883 1847 adducto
901 1773 1049 1846 concita
1066 1796 1193 1860 nervo,

307 1888 433 1972 Quum
452 1889 548 1985 petit
564 1898 630 1961 aut
646 1912 785 1976 muroS,
802 1899 868 1962 aut
885 1891 1017 1986 plenas
1036 1887 1152 1961 milite
1170 1899 1314 1974 turres3

308 2002 355 2075 In
369 2005 528 2099 juvenes
545 2014 652 2076 vasto
665 2004 719 2077 sic
738 2005 878 2102 impete
895 2004 1094 2076 vulnificus
1113 2028 1178 2076 sus

307 2118 453 2204 Fertur,
466 2129 505 2192 et
523 2118 757 2216 Eup-alamon
769 2120 1038 2216 Pelagonaque
1056 2119 1191 2191 dext-ra
1204 2129 1349 2192 tuentes

307 2233 461 2306 Cornua
478 2236 699 2331 prosternit:
729 2236 821 2309 socii
839 2259 995 2334 rapuere
1009 2238 1196 2331 jacentes,
1280 2239 1345 2308 361

307 2349 359 2421 At
376 2373 450 2421 non
467 2348 631 2422 letiferos
649 2350 782 2446 affugit
799 2349 1009 2424 Euaesimus
1028 2350 1138 2436 ictuS,

307 2463 573 2562 Hippocoonte
585 2475 688 2538 satus
702 2492 710 2539 :
723 2466 986 2564 trepidantem,
998 2475 1037 2538 et
1046 2475 1151 2560 terga
1158 2475 1350 2563 parantem

307 2577 476 2667 Vertere,
496 2580 644 2654 succiso
662 2582 853 2679 liquerunt
869 2580 1014 2679 poplite
1032 2579 1147 2652 nervi.

342 2765 399 2812 349.
412 2766 499 2813 Auctor
517 2767 564 2822 reti,
576 2766 616 2830 qui
633 2765 706 2815 mittit
723 2766 806 2822 telum,

312 2847 339 2886 ut
350 2838 474 2902 Virgilius,
487 2841 547 2887 AEn.
559 2839 592 2886 ix.
604 2842 659 2888 420.

343 2912 401 2958 ³60.
418 2912 573 2974 Ampycides]
597 2913 728 2968 Palatinus.
745 2912 809 2961 Can·

311 2985 373 3030 tabr.
385 2984 536 3039 Oxoniensis,
553 2985 739 3041 Arundelianus,
757 2987 808 3034 ulii·

311 3071 359 3121 que
385 3055 488 3120 plurimi,
512 3059 626 3115 OEelr'aele13
646 3074 713 3121 mque
734 3061 809 3119 bene;

312 3145 369 3178 uam
378 3129 449 3192 etiarn
457 3130 617 3195 Amphiaraus
624 3132 732 3180 sacerdos
737 3133 811 3182 Phoe·

313 3203 354 3251 bi:
373 3203 428 3250 ideo
441 3203 505 3252 hunc
516 3204 620 3254 invocat.
630 3205 736 3270 Euripid.
748 3205 812 3270 opud

215 3284 218 3291 '
311 3277 457 3340 Hermogen.
477 3294 501 3343 p.
520 3280 577 3327 564.
596 3280 615 3327 ὦ
645 3284 697 3335 Ζεῦ,
717 3278 811 3344 γένοιτο

312 3351 467 3413 καταβαλεῖν
483 3353 531 3411 τὴν
547 3354 594 3401 σῦν
606 3352 655 3418 ἐμέ.
683 3355 714 3402 Et
724 3355 810 3418 passim

858 2763 942 2814 limet
958 2763 1103 2830 frequentius
1115 2764 1248 2830 corripitur.
1282 2764 1351 2829 Apud

859 2839 989 2888 Homerum
1016 2847 1040 2887 et
1063 2839 1189 2903 Virgilium
1206 2856 1270 2905 saepe
1290 2841 1353 2888 Deru

859 2912 946 2976 aliquis
955 2912 1080 2976 detorquet
1090 2913 1183 2960 hastam
1194 2913 1300 2962 missam.

891 2988 948 3035 367.
967 2986 1047 3040 Moles,
1061 2986 1153 3050 lapides
1169 2987 1270 3035 molares
1286 2986 1352 3051 eJ'ecti

860 3074 874 3106 e
893 3058 1002 3114 ballistis,
1025 3074 1078 3123 qum
1106 3074 1152 3106 non
1176 3060 1264 3117 minus,
1285 3076 1353 3125 quern

861 3146 929 3179 arcus
945 3149 1039 3179 rrerorrm
1054 3132 1181 3187 habebant,
1199 3132 1242 3196 qui
1258 3137 1353 3182 adduce·

862 3206 945 3252 latter:
963 3206 1026 3270 apud
1042 3204 1177 3269 Virgilium,
1190 3207 1247 3254 AEn.
1258 3208 1291 3256 xi.
1301 3208 1354 3256 616.

861 3277 978 3327 Acontius
989 3278 1035 3327 ruit
1046 3279 1069 3326 in
1081 3295 1168 3327 morem
1179 3289 1289 3328 tormento
1302 3299 1355 3343 porr·

861 3354 923 3400 cleris
939 3354 996 3400 oc'ti.
1032 3351 1116 3414 impete
1133 3352 1230 3415 antique
1247 3370 1299 3417 pro,
1316 3359 1355 3401 irrr-

313 3434 439 3474 occurrunt
455 3426 516 3474 tales
531 3442 613 3490 preces
627 3427 687 3476 inter
701 3445 809 3493 pugnan-
858 3437 922 3488 peto,
933 3435 960 3474 ut
976 3426 1010 3474 iii.
1022 3426 1061 3474 79.
1072 3424 1113 3473 ubi
1130 3425 1201 3473 etiam
1213 3437 1276 3473 msto
1290 3427 1355 3474 addi·

313 3498 379 3554 dum,
390 3506 417 3546 ut
429 3499 485 3546 AEo.
496 3499 529 3546 xi.
541 3501 597 3548 785.
631 3501 656 3548 Si
668 3512 688 3549 te
701 3504 761 3549 colui
773 3518 810 3550 so·

311 3570 383 3619 lanne
393 3571 418 3618 in
427 3573 575 3620 sacerdotum
586 3573 703 3637 precibus.
716 3576 811 3624 llomer.

312 3645 343 3692 Il.
356 3651 387 3693 Α.
398 3647 430 3693 39
441 3661 495 3710 sqq.
535 3646 565 3695 ln
581 3646 617 3694 lrie
629 3650 701 3696 colere
714 3660 758 3703 est,
773 3665 810 3698 ea·

313 3733 355 3766 cra
376 3718 479 3767 adolere.
513 3720 552 3768 Do
572 3723 637 3768 milri.
665 3722 728 3771 Vide
748 3723 778 3771 ad
794 3724 811 3772 i.

314 3792 370 3839 486.
410 3792 510 3848 Certum,
537 3794 600 3857 quod
628 3794 681 3842 serit
705 3812 811 3860 scopum.

316 3864 377 3920 Quo,
401 3873 527 3929 quatenus,
551 3878 676 3931 quantum.
713 3869 811 3917 Ferrum

314 3938 402 3987 Diana.
419 3938 490 4001 Regii
500 3941 570 3987 nostri
580 3941 810 4006 habentfermmqru

861 3509 908 3549 tur.
945 3499 1072 3563 Volnifiour
1085 3517 1137 3555 ram
1155 3499 1193 3547 hic
1205 3500 1356 3549 Schiraclrius

861 3573 971 3621 observat
991 3589 1042 3622 esse
1063 3573 1199 3637 pingentem
1223 3590 1355 3622 numerum.

862 3646 992 3710 Compares
1006 3663 1035 3695 ex
1051 3647 1159 3700 Horatio.
1170 3650 1287 3696 ridiculus
1302 3666 1356 3697 mur.

861 3721 953 3770 Similia
967 3722 1082 3786 Virgilian
1095 3724 1120 3770 in
1134 3723 1257 3786 Georgicis
1275 3725 1356 3772 habet.

863 3796 1004 3857 Eupatomon
1016 3806 1041 3845 et
1052 3798 1153 3861 Pelagos
1167 3813 1238 3862 supra
1254 3800 1280 3846 in
1292 3807 1356 3847 cata-

861 3868 915 3933 logo
927 3885 975 3917 nou
989 3869 1111 3925 nominati,
1123 3886 1167 3919 nec
1183 3870 1283 3919 aliunde
1298 3871 1356 3919 noti.

863 3942 950 3990 Dextro
965 3953 1053 3991 tuentes
1063 3961 1148 3991 cornico
1158 3961 1166 4001 ,¹
1185 3943 1261 3991 aciem
1272 3959 1356 4010 nempe

314 4013 402 4060 Diona.
419 4014 449 4060 In
459 4013 540 4061 Diana
548 4014 623 4078 prima
633 4015 726 4079 syllaba
735 4032 809 4080 quan·
859 4014 884 4064 in
902 4031 985 4080 aprum
1002 4017 1143 4072 direxerant,
1162 4017 1230 4080 cujus
1247 4017 1357 4067 dextrum

315 4088 393 4152 doque
412 4087 566 4154 producitur3
587 4089 655 4153 Virg.
676 4091 773 4139 AEneid.
793 4093 810 4141 i.
859 4090 967 4139 comuhi
979 4090 1202 4141 duodelendebant.

313 4164 370 4212 499.
383 4163 477 4213 Eurcet
491 4164 570 4212 Diona
586 4166 661 4214 cleros
669 4182 678 4223 ,·
696 4165 738 4216 sed
757 4182 807 4216 me·

861 4206 864 4214 .
892 4167 949 4216 364.
963 4167 1053 4217 Sueeim
1068 4168 1173 4231 poplite]
1190 4167 1249 4216 srxii
1259 4176 1287 4218 et
1296 4170 1357 4219 Gro-
