2774 5004
348 318 934 404 unrsuouruosnouma.
956 317 1039 386 xv.
1148 320 1213 389 rsa

164 493 328 569 Scilicet
345 493 383 567 iu
400 494 514 569 tantis
531 492 680 590 opibus,
700 516 795 590 quas
813 492 956 589 optima
972 505 1132 581 matrum

163 608 286 684 Terra
304 608 414 707 parit,
433 608 483 682 nil
502 606 629 683 tenisi
648 607 770 681 tristia
785 608 962 682 mandere
981 632 1081 681 saevo

165 723 339 800 Vulnera
353 725 475 825 dente.
480 726 601 820 juvat,
621 723 792 820 ritusque
810 723 948 798 referre
967 723 1207 823 Cyclopum?

169 840 206 914 N
210 865 268 926 ec,
289 840 359 914 nisi
378 841 587 938 perdideris
605 840 730 927 aliurn,
752 841 901 937 placare
919 838 1076 926 voracis,

169 955 223 1030 Et
240 959 338 1032 male
357 958 490 1031 morati
510 958 649 1054 poteris
663 955 808 1053 jejunia
825 954 990 1045 ventris?
1174 958 1221 1030 95

169 1071 223 1146 At
241 1082 350 1146 vetus
367 1073 430 1146 illa
448 1085 552 1158 aetas,
571 1072 634 1145 cui
650 1072 808 1144 fecimus
827 1070 954 1147 Aurea
971 1093 1121 1159 nomon,

170 1186 344 1261 Foetibus
363 1188 541 1275 arboreis,
561 1197 612 1272 et,
633 1211 728 1283 quas
746 1187 883 1259 humus
900 1185 1050 1272 educat,
1070 1186 1196 1261 herbis

170 1302 380 1379 Fortunata
395 1304 477 1391 fuit,
497 1329 566 1379 nec
585 1303 720 1401 polluit
736 1327 804 1376 ora
819 1325 963 1376 eruore.

169 1417 280 1491 Tunc
299 1430 338 1493 et
355 1444 441 1494 aves
460 1431 560 1494 tutas
579 1443 727 1505 movere
744 1442 812 1516 per
830 1441 916 1491 aera
932 1441 1098 1515 pennas,

171 1531 226 1607 Et
242 1534 350 1632 lepus
369 1535 579 1632 impavidus
597 1533 731 1607 mediis
749 1533 884 1607 erravit
902 1532 940 1604 in
959 1534 1081 1628 agris3
1153 1536 1222 1608 100

171 1647 258 1723 Nec
276 1672 345 1750 sua
362 1648 565 1722 credulitas
581 1649 728 1747 piscem
743 1650 994 1746 suspenderat
1010 1648 1143 1723 harno:

173 1764 327 1836 Cuncta
344 1764 424 1838 sine
443 1763 600 1849 insidiis,
616 1765 833 1860 nullamque
852 1763 1023 1837 timentia
1039 1762 1221 1850 fraudem,

173 1878 372 1976 Plenaque
387 1880 494 1978 pacis
511 1891 638 1953 erant:
660 1889 864 1978 postquam
883 1903 957 1952 non
975 1879 1078 1952 utilis
1093 1888 1224 1953 auctor

171 1993 350 2068 Victibus
367 1994 500 2070 invidit
516 1996 707 2092 (quisquis
725 1996 797 2070 suit
814 1993 895 2088 ille)
912 1995 1087 2082 virorum,
1254 2076 1260 2083 ⁸

173 2109 463 2207 Corporeasque
482 2110 599 2207 dapes
618 2110 764 2184 avidam
782 2111 963 2184 demersit
980 2112 1019 2184 iu
1037 2112 1184 2199 alvum;

205 2302 248 2351 96.
265 2304 296 2350 Ar
313 2312 377 2352 nstris
392 2303 435 2350 illu
450 2302 580 2366 ernasto]
598 2302 672 2351 Aurei
722 2302 797 2358 nium,
819 2303 856 2352 11.
878 2304 925 2367 Ep.
944 2319 968 2351 x.
986 2305 1010 2352 2.
1043 2303 1091 2352 Sed
1111 2303 1147 2352 ite
1166 2302 1223 2355 addi

171 2374 257 2425 saeculi
278 2374 415 2426 innocentia
435 2373 569 2425 abstinebat
586 2375 616 2425 ab
637 2375 674 2424 his
722 2375 835 2434 debebat,
861 2376 947 2440 quibus
973 2375 1076 2425 victibus
1103 2375 1224 2429 inviderit.

173 2446 288 2498 victibus.
327 2450 405 2497 Aurea
425 2466 513 2506 nornen,
537 2458 564 2498 ut
583 2447 599 2497 i.
620 2450 674 2499 168.
723 2452 829 2514 Apparet
850 2449 921 2513 igitur
940 2448 1091 2512 parenthesin
1109 2447 1224 2498 clauden-

174 2521 675 2581 Iacrwnomrnlube15videBurmanuum
723 2524 779 2572 dem
799 2539 851 2572 esse
872 2535 925 2588 post
944 2524 996 2570 ills:
1016 2521 1081 2586 quod
1102 2536 1145 2570 nos
1165 2520 1225 2572 adeo

173 2598 206 2646 sd
219 2599 384 2648 Parnasos.
418 2598 562 2663 Desoetibrrs
578 2601 676 2647 arboreis
724 2597 831 2653 fecimus,
853 2612 926 2660 quum
948 2595 1028 2644 crateri
1048 2603 1101 2659 post
1123 2597 1225 2643 uirorum

174 2670 234 2721 edi.
248 2673 302 2720 lor.
335 2671 481 2722 ll.l.ioetus
491 2671 527 2719 illi
539 2671 623 2720 merito
637 2689 676 2720 ur·
726 2671 849 2720 claudant.
883 2669 983 2718 Lenrius
1004 2667 1168 2731 subintelligit,
1188 2670 1226 2717 irs·

174 2748 237 2795 burri
246 2754 361 2796 vocantur
374 2761 420 2795 non
432 2749 531 2803 arbutei,
542 2746 599 2811 quia
612 2762 676 2796 com·
726 2749 784 2794 uidit
806 2761 875 2794 suum
895 2744 1015 2792 bonorem.
1053 2742 1158 2791 Virorum
1181 2750 1226 2800 est,

173 2818 473 2870 mendeaturasuavitate.
487 2818 675 2883 Fortunatagrn·
726 2820 856 2876 bominum.
867 2827 894 2866 ut
910 2833 983 2882 sepe.
1015 2814 1128 2869 Heinius
1144 2825 1226 2867 umen

174 2893 237 2950 rius,
252 2908 325 2959 quarn
341 2901 461 2943 contenta.
497 2892 562 2942 Tunc
578 2904 599 2942 rt
617 2911 676 2950 aner,
725 2893 818 2951 suadet,
837 2896 947 2954 mmor,
968 2891 992 2939 id
1013 2899 1049 2940 est
1075 2889 1225 2955 auiquomn

175 2975 224 3016 etc.
234 2982 249 3017 e
260 2967 327 3030 Virg.
338 2967 425 3031 Georg.
436 2965 454 3014 i.
467 2967 512 3014 139
522 2982 576 3032 sqq.
597 2966 676 3024 Tutus,
727 2966 857 3023 bominum,
877 2975 903 3015 ut
925 2964 987 3014 infra
1003 2979 1053 3012 ver.
1070 2965 1126 3013 333.
1142 2963 1177 3013 iii.
1196 2975 1226 3017 ex

175 3039 242 3104 qnod
257 3039 350 3104 plurimi
364 3038 461 3094 babent,
474 3049 499 3087 nt
512 3037 587 3104 magis
601 3040 676 3105 poeti·
727 3041 798 3090 Pont.
810 3043 835 3090 2.
848 3049 873 3089 et
883 3039 954 3088 alibi:
972 3040 1124 3087 Burmannus
1133 3037 1226 3094 mallet,

175 3129 232 3162 curn
244 3114 389 3177 praetulimus
400 3115 436 3178 τῷ
447 3123 511 3162 tnta.
533 3114 643 3162 Praetulit
653 3124 678 3163 et
719 3117 836 3180 sermm,
848 3115 892 3163 boc
903 3129 986 3162 muru:
998 3122 1124 3177 postquem
1135 3110 1228 3175 pn'nrus

176 3185 352 3236 Mltscberlicb.
375 3186 489 3236 Heinsius
500 3196 579 3235 eutem
590 3187 677 3237 rectius
726 3188 768 3238 ille
793 3185 913 3253 (quisquis
938 3187 996 3247 luit)
1024 3184 1121 3234 edenda
1147 3183 1226 3237 euml!

172 3259 384 3325 judicabat-tuta,
405 3260 469 3326 quod
495 3261 584 3310 babent
607 3263 677 3311 ambo
727 3273 817 3318 auctor,
837 3260 923 3310 invidit
946 3259 1054 3323 lnporum
1081 3266 1105 3306 et
1128 3258 1225 3309 leonem

175 3335 252 3384 nostri
273 3335 343 3400 liegii
364 3335 474 3395 codices;
495 3336 557 3384 idem
578 3335 677 3385 dederat
727 3336 837 3390 victibus,
854 3334 910 3398 qnia
929 3333 965 3382 illi
978 3349 1050 3382 carne
1067 3340 1227 3389 vescerentur,

175 3410 339 3459 Burmannus.
375 3409 438 3457 Ture
454 3419 529 3465 erant,
541 3410 566 3458 id
583 3419 628 3466 est,
639 3425 697 3460 se·
727 3408 862 3457 stimulatus
880 3405 978 3464 invidis,
996 3405 1071 3471 primo
1090 3403 1115 3452 in
1135 3403 1228 3457 endem

175 3498 240 3532 curre
253 3482 398 3540 volaverunt,
411 3483 467 3548 quia
482 3483 530 3535 illis
545 3485 604 3533 retia
619 3495 676 3534 tunc
728 3480 828 3529 ferarum
837 3477 981 3537 ivit,dsiude
990 3479 1020 3527 ad
1027 3479 1080 3544 ejus
1089 3476 1228 3544 exemplum

175 3572 225 3605 non
246 3556 414 3606 tendebantur.
449 3557 508 3605 Mox
526 3556 633 3621 quidam,
652 3567 679 3608 ut
727 3555 835 3603 saeritum
865 3563 946 3605 contm
974 3555 1078 3603 innocua
1104 3552 1228 3607 sumis.

175 3630 567 3692 Oroniensisbabentiurrspidus.
661 3648 666 3659 ·
728 3630 784 3694 [pse
806 3638 885 3678 umen
907 3628 965 3677 nibil
988 3637 1075 3685 moret,
1095 3625 1153 3692 quit
1173 3642 1230 3679 mox

212 3706 270 3754 103.
292 3707 414 3770 Postquam
434 3723 480 3753 nort
502 3708 568 3755 utilis
588 3715 678 3763 cruror,
720 3701 832 3766 ferorum
852 3702 967 3766 sequitur,
986 3702 1120 3767 fateturque
1140 3716 1166 3750 se
1187 3717 1230 3751 se-

174 3779 241 3843 ete]
260 3779 428 3844 indignissima
444 3779 590 3829 cousuetudo
604 3778 679 3828 serius
728 3786 853 3843 capturum
875 3777 947 3826 luisse
968 3774 1119 3839 primumi
1140 3773 1230 3825 codicis

174 3853 279 3920 irrepsit,
289 3863 487 3919 nonconstatquo
496 3863 603 3902 auctore.
625 3852 679 3901 Nori
728 3851 830 3917 alicujus
838 3851 1008 3902 aucuunteid
1017 3851 1154 3898 firmaretur.
1171 3848 1228 3896 Cor·

174 3928 244 3975 utilis
259 3943 301 3992 per
316 3927 446 3988 λιτότητα,
460 3926 678 3992 perniciosissimus.
725 3929 893 3988 porsasdnprs.
927 3926 1017 3974 Omnes
1029 3922 1103 3985 depes
1112 3928 1167 3969 sunt
1176 3935 1229 3970 cor·

180 4000 282 4051 Verum
297 4005 391 4059 inuidit,
410 4001 435 4050 in
456 4009 618 4067 contemptum
637 4017 678 4050 eos
728 4014 813 4063 poree,
825 4000 866 4048 sed
877 4014 918 4063 per
928 4012 1043 4059 corporeus
1054 3994 1092 4042 bio
1102 3993 1229 4057 sapewic,

176 4075 678 4141 redegit,quiaquiinridenraliis,detre·
728 4087 826 4121 carneas
850 4071 970 4135 iutelligit.
1005 4068 1126 4121 Demersit·
1145 4074 1172 4114 ut
1191 4065 1226 4115 vi.

177 4152 236 4199 bere
247 4150 278 4200 de
289 4151 318 4201 iis
331 4151 415 4201 solent.
449 4151 512 4203 Vide
528 4166 570 4199 nos
583 4150 613 4199 sd
627 4149 678 4198 Pli·
729 4147 785 4194 644.
