2774 5004
161 352 182 413 ii
597 337 772 404 INDEX.

163 517 260 567 Celmus
269 531 327 575 puer
336 516 361 563 in
369 514 525 563 sdammtem.

163 591 250 640 Crocus
259 605 313 639 cum
323 589 424 637 Smilace
433 588 458 636 in
468 587 543 634 flores

163 660 301 713 Salmacidis
310 662 380 711 fonds
390 671 482 710 moira.

164 736 373 797 Hermaphroditus
386 751 441 785 cum
451 733 583 784 &inscide
593 749 661 793 nym-

193 811 242 872 pha
251 811 382 870 copulatus.

164 884 282 934 Minoidos
291 885 317 933 in
327 883 507 944 vespertiliones.

164 961 209 1008 Ino
221 957 372 1007 Athamantis
381 973 439 1007 uxor
449 956 474 1005 in
485 957 571 1006 Desun.

165 1033 218 1082 via
228 1032 259 1081 sd
267 1031 357 1081 Inieros
367 1031 498 1090 descriptio.

165 1108 181 1157 J
182 1123 229 1156 uuo
239 1107 270 1155 sd
280 1105 379 1155 luieros.

166 1181 288 1230 Melicerta
297 1181 322 1228 iu
334 1180 412 1228 Deum
423 1178 546 1226 mannum.

166 1255 270 1304 Comites
280 1255 339 1302 Inus
348 1253 373 1301 in
383 1268 440 1301 issa
450 1261 473 1302 et
484 1266 546 1300 sves.

166 1328 272 1377 Cadmus
279 1343 333 1377 cum
343 1341 414 1376 uxore
424 1327 448 1375 in
459 1340 568 1386 mguesn.

166 1403 260 1463 Jupiter
269 1402 294 1450 in
305 1417 395 1450 aurum.

167 1476 246 1526 Penei
257 1484 330 1537 gesta.

168 1550 249 1600 Gutta
269 1549 388 1610 sanguinis
408 1547 516 1598 Meum·
537 1546 621 1606 capitis
641 1547 666 1594 in

168 1919 326 1970 Andsomoda
335 1919 461 1979 Porsoiqus
470 1917 568 1977 nuptia.

169 1995 275 2054 Pegssus
283 2008 359 2053 equus
368 1993 445 2042 slahis
458 2007 472 2041 e
487 1991 600 2052 sangrum
612 1991 666 2040 Me·

171 2067 278 2190 Mffie
287 2138 368 2199 capilli
379 2140 403 2188 iu
413 2147 539 2199 serpentes.

343 2269 449 2319 LIBER
464 2270 496 2318 V.

168 2361 293 2422 Cephenes
316 2362 427 2411 Pessum
448 2368 611 2421 oppugnantes
633 2360 658 2409 in

198 2451 263 2485 sans.

171 2511 310 2570 Cephenum
320 2510 433 2559 tumultus
442 2508 574 2569 descriptio.

171 2585 275 2634 Phineus
285 2584 376 2643 Cephei
386 2584 455 2632 imter
465 2583 489 2631 in
500 2592 608 2632 stsmam

170 2659 264 2707 Proetus
274 2659 298 2706 in
309 2658 420 2719 lapidem.

171 2733 309 2792 Polydectes
319 2734 344 2781 in
354 2749 444 2781 saxum.

171 2807 331 2867 Hippocrenes
341 2807 410 2854 tonus
420 2807 550 2866 descriptio.

171 2881 270 2938 Pyrenei
281 2880 435 2939 sacrilegium.

172 2955 249 3002 Musae
260 2955 284 3002 iu
294 2970 357 3003 aves.

171 3028 275 3077 Pierides
285 3028 310 3075 in
320 3029 394 3087 picas.

172 3102 373 3162 Gigantomaehie
382 3101 513 3161 descriptio.

171 3177 265 3236 Jupiter
274 3177 298 3224 in
309 3176 411 3225 arietem.

172 3250 260 3310 Apollo
270 3251 295 3297 iu
305 3266 406 3299 corvum.

173 3325 282 3372 Bacchus
293 3324 317 3371 in
328 3339 433 3382 caprum.

173 3399 253 3446 Diana
263 3398 287 3445 in
298 3398 374 3447 telem.

172 3474 186 3520 J
190 3488 236 3520 uno
247 3473 271 3519 iu
282 3487 386 3520 vaccam.

175 3547 256 3593 Venus
267 3545 291 3591 iu
302 3545 398 3602 piscem.

173 3618 304 3665 Mercurius
314 3618 338 3666 in
348 3619 413 3666 ibim.

172 3693 263 3741 Cereris
273 3692 362 3741 laudes.

172 3767 317 3826 Proserpinae
328 3776 415 3826 raptus.

172 3843 241 3902 Pergi
252 3842 316 3890 lacus
326 3841 458 3900 descriptio.

173 3918 255 3975 Cyane
267 3917 372 3975 nympha
382 3916 406 3964 iu
417 3926 535 3976 stagnum.

174 3991 236 4040 Puer
245 3992 379 4041 temerarius
389 3992 413 4039 iu
424 3992 561 4041 stellionem.

174 4066 291 4114 Arethusa
301 4067 406 4125 nympha
416 4068 440 4114 in
451 4067 546 4116 tonum.

173 4140 322 4199 Ascalaphus
332 4141 356 4188 iu
367 4141 491 4190 bubonem.

711 508 803 556 Sirenes
813 508 838 554 in
849 520 911 555 aves.

715 582 809 639 Lyncus
819 596 858 629 res
870 579 1010 638 Scythsmm
1020 578 1045 625 in
1055 577 1149 635 lynoem.

879 727 986 776 LIBER
1003 727 1049 774 Vl.

715 804 824 853 Arachne
836 804 859 851 in
870 817 988 850 meam.

714 879 837 929 Arachnes
846 893 901 926 cum
911 875 1012 925 Pallade
1021 883 1143 924 certamen.

715 952 795 1001 Pallas
806 953 831 1000 iu
840 950 952 1000 vetulam.

714 1027 823 1076 Toletum
845 1024 951 1074 Palladis
972 1024 1136 1082 Arachnesque
1153 1021 1182 1070 de

744 1101 846 1160 scriptio.

716 1176 814 1224 Hunis
822 1183 847 1222 et
857 1172 974 1232 Rhodope
985 1171 1011 1220 in
1021 1179 1117 1219 monta

716 1250 829 1310 Pygmaea
837 1248 862 1295 iu
873 1262 961 1307 gmem.

717 1324 834 1383 Antigone
844 1323 869 1370 in
879 1320 1004 1370 ciconiam.

716 1398 816 1457 Cynam
826 1396 881 1444 tilio
889 1395 914 1443 iu
924 1409 990 1442 saxa.

716 1471 809 1531 Jupiter
818 1470 843 1518 in
853 1478 955 1519 tsumm.

716 1546 809 1605 Jupiter
818 1544 843 1593 in
852 1544 965 1604 aquilam.

716 1619 809 1679 Jupiter
819 1618 843 1666 in
853 1632 963 1676 cycnum.

715 1694 809 1753 Jupiter
818 1693 843 1741 in
853 1700 965 1750 satyrum.

715 1769 808 1828 Jupiter
817 1769 842 1817 in
852 1768 1059 1827 Amphytriouom.

715 1842 809 1903 Jupiter
817 1842 843 1890 in
852 1856 944 1891 summ.

716 1917 809 1977 Jupiter
818 1917 843 1964 iu
853 1916 939 1976 iguem

716 1991 809 2052 Jupiter
819 1991 844 2038 iu
853 1998 978 2049 psstosem.

717 2065 810 2125 Jupiter
819 2064 844 2112 in
854 2075 993 2123 serpentem.

718 2140 843 2198 Neptunus
853 2138 878 2186 iu
885 2137 1021 2198 juvencum.

717 2216 843 2275 Neptunus
853 2215 877 2262 iu
886 2214 1004 2273 Enipeum
1013 2213 1119 2262 durium

718 2290 844 2350 Neptunus
853 2288 878 2337 in
888 2287 993 2337 arietum

719 2365 843 2423 Neptunus
853 2363 878 2412 in
888 2376 985 2423 equum

719 2439 844 2498 Neptunus
853 2438 878 2486 in
888 2436 1033 2496 delphinem.

719 2512 806 2572 Apollo
816 2512 841 2560 in
851 2520 976 2572 pastorem.

719 2586 807 2646 Apollo
817 2586 842 2634 in
852 2585 994 2644 accipitrem.

720 2659 807 2719 Apollo
817 2660 842 2707 in
852 2659 951 2709 leonem.

720 2733 828 2782 Bacchus
836 2733 860 2781 in
870 2748 947 2781 uvam.

720 2808 832 2856 Saturnus
843 2808 866 2854 iu
876 2822 972 2866 equum

721 2882 796 2930 Niobe
807 2883 831 2929 in
842 2896 949 2929 marmor.

721 2956 809 3003 Niobes
818 2955 916 3003 tiliorum
926 2970 998 3003 mors.

721 3029 863 3088 Amphionis
870 3030 954 3077 esitus

721 3103 788 3160 Lycii
799 3102 876 3151 nntici
887 3103 911 3150 in
923 3117 1000 3149 muas.

721 3177 822 3224 Messias
831 3177 856 3224 in
867 3176 971 3224 flurium.

721 3251 843 3300 Eburneus
853 3250 949 3310 Pelopis
960 3250 1082 3300 humerus

721 3326 808 3374 Tereus
818 3325 842 3373 in
853 3340 966 3384 upupam.

722 3400 813 3459 Progne
822 3400 848 3447 in
858 3398 1015 3447 hinmdinem.

723 3474 852 3523 Philomela
863 3473 887 3521 iu
898 3472 1032 3521 lusciniam.

722 3547 835 3606 Orithyiae
845 3557 932 3606 raptus.

722 3623 788 3670 Jetes
797 3632 822 3670 et
831 3622 911 3671 Calais
922 3621 986 3669 alati.

880 3753 986 3802 LIBER
1003 3754 1066 3803 Vll.

724 3845 839 3892 Draconis
846 3844 928 3894 dentes
936 3844 962 3893 in
970 3845 1081 3894 hominos
1092 3856 1201 3894 armata.

723 3919 739 3968 J
741 3920 818 3967 asoms
826 3920 852 3967 in
863 3919 966 3967 Coichoe
974 3919 1105 3979 expeditio.

723 3994 807 4043 Phinei
816 3993 945 4042 mlamitss.

723 4069 815 4117 Medeae
825 4085 922 4118 amores.

721 4143 792 4191 Tauri
802 4144 879 4203 ignem
887 4143 1000 4191 efflantes.
