<?xml version="1.0" encoding="UTF-8"?>
<!DOCTYPE html PUBLIC "-//W3C//DTD XHTML 1.0 Transitional//EN"
    "http://www.w3.org/TR/xhtml1/DTD/xhtml1-transitional.dtd">
<html xmlns="http://www.w3.org/1999/xhtml" xml:lang="en" lang="en">
 <head>
  <title>
</title>
<meta http-equiv="Content-Type" content="text/html;charset=utf-8" />
  <meta name='ocr-system' content='tesseract 3.04.00' />
  <meta name='ocr-capabilities' content='ocr_page ocr_carea ocr_par ocr_line ocrx_word'/>
</head>
<body>
  <div class='ocr_page' id='page_1' title='image "./povidiinasoniso05burmgoog_0252.png"; bbox 0 0 2774 5004; ppageno 0'>
   <div class='ocr_carea' id='block_1_1' title="bbox 221 337 1083 406">
    <p class='ocr_par' dir='ltr' id='par_1_1' title="bbox 221 337 1083 406">
     <span class='ocr_line' id='line_1_1' title="bbox 221 337 1083 406; baseline 0.002 -4"><span class='ocrx_word' id='word_1_1' title='bbox 221 337 692 406; x_wconf 75' lang='lat' dir='ltr'><strong>METAHORPHOSEON</strong></span> <span class='ocrx_word' id='word_1_2' title='bbox 716 337 807 403; x_wconf 74' lang='grc' dir='ltr'>ΠΒ.</span> <span class='ocrx_word' id='word_1_3' title='bbox 832 338 901 404; x_wconf 87' lang='lat' dir='ltr'>XI.</span> <span class='ocrx_word' id='word_1_4' title='bbox 1018 339 1083 404; x_wconf 74' lang='lat'>247</span> 
     </span>
    </p>
   </div>
   <div class='ocr_carea' id='block_1_2' title="bbox 31 508 1088 2225">
    <p class='ocr_par' dir='ltr' id='par_1_2' title="bbox 31 508 962 608">
     <span class='ocr_line' id='line_1_2' title="bbox 31 508 962 608; baseline 0.005 -27"><span class='ocrx_word' id='word_1_5' title='bbox 31 508 272 606; x_wconf 82' lang='lat' dir='ltr'>Ambiguus3</span> <span class='ocrx_word' id='word_1_6' title='bbox 302 535 376 586; x_wconf 89' lang='lat' dir='ltr'>non</span> <span class='ocrx_word' id='word_1_7' title='bbox 395 512 468 585; x_wconf 87' lang='lat' dir='ltr'>ista</span> <span class='ocrx_word' id='word_1_8' title='bbox 483 512 590 608; x_wconf 84' lang='lat' dir='ltr'>vagis</span> <span class='ocrx_word' id='word_1_9' title='bbox 608 512 819 601; x_wconf 84' lang='lat' dir='ltr'>rumoribus</span> <span class='ocrx_word' id='word_1_10' title='bbox 834 512 962 600; x_wconf 79' lang='lat' dir='ltr'>audis:</span> 
     </span>
    </p>

    <p class='ocr_par' dir='ltr' id='par_1_3' title="bbox 32 620 1088 1878">
     <span class='ocr_line' id='line_1_3' title="bbox 32 620 997 723; baseline 0.005 -28"><span class='ocrx_word' id='word_1_11' title='bbox 32 620 125 722; x_wconf 85' lang='lat' dir='ltr'>Ipse</span> <span class='ocrx_word' id='word_1_12' title='bbox 139 649 212 721; x_wconf 85' lang='lat' dir='ltr'>ego</span> <span class='ocrx_word' id='word_1_13' title='bbox 228 625 308 701; x_wconf 83' lang='lat' dir='ltr'>fata</span> <span class='ocrx_word' id='word_1_14' title='bbox 322 627 391 700; x_wconf 90' lang='lat' dir='ltr'>tibi</span> <span class='ocrx_word' id='word_1_15' title='bbox 407 650 573 723; x_wconf 87' lang='lat' dir='ltr'>praesens</span> <span class='ocrx_word' id='word_1_16' title='bbox 591 650 676 700; x_wconf 90' lang='lat' dir='ltr'>mea</span> <span class='ocrx_word' id='word_1_17' title='bbox 693 625 894 722; x_wconf 83' lang='lat' dir='ltr'>naufragus</span> <span class='ocrx_word' id='word_1_18' title='bbox 912 626 997 701; x_wconf 89' lang='lat' dir='ltr'>edo.</span> 
     </span>
     <span class='ocr_line' id='line_1_4' title="bbox 36 736 1084 838; baseline 0.003 -25"><span class='ocrx_word' id='word_1_19' title='bbox 36 736 174 836; x_wconf 81' lang='lat' dir='ltr'>Surge,</span> <span class='ocrx_word' id='word_1_20' title='bbox 194 765 286 837; x_wconf 84' lang='lat' dir='ltr'>age3</span> <span class='ocrx_word' id='word_1_21' title='bbox 309 742 359 815; x_wconf 88' lang='lat' dir='ltr'>da</span> <span class='ocrx_word' id='word_1_22' title='bbox 375 741 571 828; x_wconf 87' lang='lat' dir='ltr'>lacrimas;</span> <span class='ocrx_word' id='word_1_23' title='bbox 592 742 840 838; x_wconf 86' lang='lat' dir='ltr'>lugubriaque</span> <span class='ocrx_word' id='word_1_24' title='bbox 854 742 967 816; x_wconf 91' lang='lat' dir='ltr'>indue</span> <span class='ocrx_word' id='word_1_25' title='bbox 975 764 989 830; x_wconf 89' lang='grc'>·;</span> <span class='ocrx_word' id='word_1_26' title='bbox 1015 766 1084 816; x_wconf 89' lang='lat' dir='ltr'>nec</span> 
     </span>
     <span class='ocr_line' id='line_1_5' title="bbox 37 852 1086 953; baseline 0.004 -26"><span class='ocrx_word' id='word_1_27' title='bbox 37 852 326 953; x_wconf 83' lang='lat' dir='ltr'>Indeploratum</span> <span class='ocrx_word' id='word_1_28' title='bbox 344 856 415 929; x_wconf 90' lang='lat' dir='ltr'>sub</span> <span class='ocrx_word' id='word_1_29' title='bbox 432 856 559 930; x_wconf 87' lang='lat' dir='ltr'>inania</span> <span class='ocrx_word' id='word_1_30' title='bbox 575 855 732 929; x_wconf 85' lang='lat' dir='ltr'>Tartara</span> <span class='ocrx_word' id='word_1_31' title='bbox 749 855 894 929; x_wconf 88' lang='lat' dir='ltr'>mitte.&#39;’</span> <span class='ocrx_word' id='word_1_32' title='bbox 1008 859 1086 952; x_wconf 87' lang='lat' dir='ltr'>[me</span> 
     </span>
     <span class='ocr_line' id='line_1_6' title="bbox 37 966 1050 1068; baseline 0.004 -26"><span class='ocrx_word' id='word_1_33' title='bbox 37 966 185 1068; x_wconf 76' lang='lat' dir='ltr'><strong>Adjicit</strong></span> <span class='ocrx_word' id='word_1_34' title='bbox 200 971 260 1044; x_wconf 88' lang='lat' dir='ltr'>his</span> <span class='ocrx_word' id='word_1_35' title='bbox 276 995 408 1045; x_wconf 88' lang='lat' dir='ltr'>vocem</span> <span class='ocrx_word' id='word_1_36' title='bbox 423 970 645 1068; x_wconf 86' lang='lat' dir='ltr'>Morpheus,</span> <span class='ocrx_word' id='word_1_37' title='bbox 662 995 777 1068; x_wconf 88' lang='lat' dir='ltr'>quam</span> <span class='ocrx_word' id='word_1_38' title='bbox 795 972 968 1068; x_wconf 83' lang='lat' dir='ltr'>conjugis</span> <span class='ocrx_word' id='word_1_39' title='bbox 986 973 1050 1047; x_wconf 90' lang='lat' dir='ltr'>illa</span> 
     </span>
     <span class='ocr_line' id='line_1_7' title="bbox 38 1083 1036 1183; baseline 0.001 -25"><span class='ocrx_word' id='word_1_40' title='bbox 38 1083 225 1160; x_wconf 82' lang='lat' dir='ltr'>Crederet</span> <span class='ocrx_word' id='word_1_41' title='bbox 239 1100 327 1165; x_wconf 82' lang='lat' dir='ltr'>&#39;esse</span> <span class='ocrx_word' id='word_1_42' title='bbox 345 1087 425 1160; x_wconf 87' lang='lat' dir='ltr'>sui:</span> <span class='ocrx_word' id='word_1_43' title='bbox 454 1086 567 1160; x_wconf 88' lang='lat' dir='ltr'>fletus</span> <span class='ocrx_word' id='word_1_44' title='bbox 583 1110 737 1183; x_wconf 89' lang='lat' dir='ltr'>quoque</span> <span class='ocrx_word' id='word_1_45' title='bbox 755 1086 911 1159; x_wconf 89' lang='lat' dir='ltr'>fundere</span> <span class='ocrx_word' id='word_1_46' title='bbox 930 1111 1036 1161; x_wconf 88' lang='lat' dir='ltr'>veros</span> 
     </span>
     <span class='ocr_line' id='line_1_8' title="bbox 39 1198 1049 1300; baseline 0.001 -26"><span class='ocrx_word' id='word_1_47' title='bbox 39 1198 154 1275; x_wconf 70' lang='lat' dir='ltr'>Visus</span> <span class='ocrx_word' id='word_1_48' title='bbox 172 1211 271 1287; x_wconf 83' lang='lat' dir='ltr'>erat3</span> <span class='ocrx_word' id='word_1_49' title='bbox 293 1211 519 1298; x_wconf 63' lang='lat' dir='ltr'>gestumque</span> <span class='ocrx_word' id='word_1_50' title='bbox 538 1226 671 1274; x_wconf 84' lang='lat' dir='ltr'>manus</span> <span class='ocrx_word' id='word_1_51' title='bbox 691 1201 831 1300; x_wconf 86' lang='lat' dir='ltr'>Ceycis</span> <span class='ocrx_word' id='word_1_52' title='bbox 845 1203 1049 1277; x_wconf 90' lang='lat' dir='ltr'>habebant.</span> 
     </span>
     <span class='ocr_line' id='line_1_9' title="bbox 40 1312 1042 1415; baseline 0.001 -26"><span class='ocrx_word' id='word_1_53' title='bbox 40 1312 207 1414; x_wconf 86' lang='lat' dir='ltr'><strong>Ingemit</strong></span> <span class='ocrx_word' id='word_1_54' title='bbox 224 1315 422 1415; x_wconf 82' lang='lat' dir='ltr'>Halcyone</span> <span class='ocrx_word' id='word_1_55' title='bbox 438 1318 649 1404; x_wconf 69' lang='lat' dir='ltr'>lacrimans</span> <span class='ocrx_word' id='word_1_56' title='bbox 669 1329 864 1415; x_wconf 80' lang='lat' dir='ltr'>metatque</span> <span class='ocrx_word' id='word_1_57' title='bbox 882 1319 1042 1392; x_wconf 91' lang='lat' dir='ltr'>lacertos</span> 
     </span>
     <span class='ocr_line' id='line_1_10' title="bbox 42 1428 1084 1532; baseline 0.002 -27"><span class='ocrx_word' id='word_1_58' title='bbox 42 1428 115 1505; x_wconf 87' lang='lat' dir='ltr'>Per</span> <span class='ocrx_word' id='word_1_59' title='bbox 126 1456 320 1521; x_wconf 82' lang='lat' dir='ltr'>somnum3</span> <span class='ocrx_word' id='word_1_60' title='bbox 333 1457 547 1531; x_wconf 89' lang='lat' dir='ltr'>corpusque</span> <span class='ocrx_word' id='word_1_61' title='bbox 558 1445 691 1532; x_wconf 86' lang='lat' dir='ltr'>petens</span> <span class='ocrx_word' id='word_1_62' title='bbox 702 1434 941 1531; x_wconf 86' lang='lat' dir='ltr'>amplectitur</span> <span class='ocrx_word' id='word_1_63' title='bbox 951 1456 1059 1507; x_wconf 84' lang='lat' dir='ltr'>auras</span> <span class='ocrx_word' id='word_1_64' title='bbox 1074 1460 1084 1507; x_wconf 76' lang='grc' dir='ltr'><strong><em>ε</em></strong></span> 
     </span>
     <span class='ocr_line' id='line_1_11' title="bbox 43 1544 1088 1646; baseline 0.001 -25"><span class='ocrx_word' id='word_1_65' title='bbox 43 1544 336 1646; x_wconf 85' lang='lat' dir='ltr'>Exclamatque3</span> <span class='ocrx_word' id='word_1_66' title='bbox 352 1557 376 1588; x_wconf 91' lang='lat'><strong>“</strong></span> <span class='ocrx_word' id='word_1_67' title='bbox 387 1548 546 1624; x_wconf 90' lang='lat' dir='ltr'>Mane...</span> <span class='ocrx_word' id='word_1_68' title='bbox 560 1573 635 1646; x_wconf 92' lang='lat' dir='ltr'>quo</span> <span class='ocrx_word' id='word_1_69' title='bbox 646 1560 684 1622; x_wconf 90' lang='lat' dir='ltr'>te</span> <span class='ocrx_word' id='word_1_70' title='bbox 696 1550 818 1646; x_wconf 82' lang='lat' dir='ltr'>rapisl</span> <span class='ocrx_word' id='word_1_71' title='bbox 830 1549 965 1621; x_wconf 90' lang='lat' dir='ltr'>ibimus</span> <span class='ocrx_word' id='word_1_72' title='bbox 976 1548 1088 1623; x_wconf 88' lang='lat' dir='ltr'>una.&#39;&#39;</span> 
     </span>
     <span class='ocr_line' id='line_1_12' title="bbox 41 1660 1086 1762; baseline 0.001 -28"><span class='ocrx_word' id='word_1_73' title='bbox 41 1660 145 1738; x_wconf 87' lang='lat' dir='ltr'>Voce</span> <span class='ocrx_word' id='word_1_74' title='bbox 164 1689 246 1750; x_wconf 85' lang='lat' dir='ltr'>sua,</span> <span class='ocrx_word' id='word_1_75' title='bbox 265 1665 470 1762; x_wconf 87' lang='lat' dir='ltr'>specieque</span> <span class='ocrx_word' id='word_1_76' title='bbox 487 1664 555 1737; x_wconf 89' lang='lat' dir='ltr'>viri</span> <span class='ocrx_word' id='word_1_77' title='bbox 572 1665 723 1737; x_wconf 87' lang='lat' dir='ltr'>turbata</span> <span class='ocrx_word' id='word_1_78' title='bbox 740 1687 913 1761; x_wconf 90' lang='lat' dir='ltr'>soporem</span> <span class='ocrx_word' id='word_1_79' title='bbox 1013 1667 1086 1736; x_wconf 88' lang='grc'>677</span> 
     </span>
     <span class='ocr_line' id='line_1_13' title="bbox 39 1774 920 1878; baseline -0.001 -25"><span class='ocrx_word' id='word_1_80' title='bbox 39 1774 220 1866; x_wconf 79' lang='lat' dir='ltr'>Excutit3</span> <span class='ocrx_word' id='word_1_81' title='bbox 249 1791 289 1853; x_wconf 89' lang='lat' dir='ltr'>et</span> <span class='ocrx_word' id='word_1_82' title='bbox 304 1780 473 1877; x_wconf 80' lang='lat' dir='ltr'>primosi</span> <span class='ocrx_word' id='word_1_83' title='bbox 493 1780 541 1853; x_wconf 91' lang='lat' dir='ltr'>sit</span> <span class='ocrx_word' id='word_1_84' title='bbox 559 1779 815 1878; x_wconf 89' lang='lat' dir='ltr'>circumspicit</span> <span class='ocrx_word' id='word_1_85' title='bbox 831 1779 920 1865; x_wconf 91' lang='lat' dir='ltr'>illic,</span> 
     </span>
    </p>

    <p class='ocr_par' dir='ltr' id='par_1_4' title="bbox 37 1892 1088 2225">
     <span class='ocr_line' id='line_1_14' title="bbox 37 1892 1013 1979; baseline -0.001 -12"><span class='ocrx_word' id='word_1_86' title='bbox 37 1892 130 1979; x_wconf 84' lang='lat' dir='ltr'>Qua</span> <span class='ocrx_word' id='word_1_87' title='bbox 145 1895 260 1968; x_wconf 93' lang='lat' dir='ltr'>modo</span> <span class='ocrx_word' id='word_1_88' title='bbox 277 1896 379 1968; x_wconf 89' lang='lat' dir='ltr'>visus</span> <span class='ocrx_word' id='word_1_89' title='bbox 398 1905 500 1969; x_wconf 88' lang='lat' dir='ltr'>erat:</span> <span class='ocrx_word' id='word_1_90' title='bbox 531 1918 617 1967; x_wconf 89' lang='lat' dir='ltr'>nam</span> <span class='ocrx_word' id='word_1_91' title='bbox 636 1895 726 1968; x_wconf 87' lang='lat' dir='ltr'>moti</span> <span class='ocrx_word' id='word_1_92' title='bbox 744 1918 837 1968; x_wconf 89' lang='lat' dir='ltr'>voce</span> <span class='ocrx_word' id='word_1_93' title='bbox 855 1893 1013 1966; x_wconf 91' lang='lat' dir='ltr'>ministri</span> 
     </span>
     <span class='ocr_line' id='line_1_15' title="bbox 37 2006 1088 2109; baseline 0.005 -28"><span class='ocrx_word' id='word_1_94' title='bbox 37 2006 259 2083; x_wconf 87' lang='lat' dir='ltr'>Intulerant</span> <span class='ocrx_word' id='word_1_95' title='bbox 274 2010 422 2084; x_wconf 88' lang='lat' dir='ltr'>lumen:</span> <span class='ocrx_word' id='word_1_96' title='bbox 451 2021 652 2109; x_wconf 88' lang='lat' dir='ltr'>postquam</span> <span class='ocrx_word' id='word_1_97' title='bbox 670 2036 744 2084; x_wconf 89' lang='lat' dir='ltr'>non</span> <span class='ocrx_word' id='word_1_98' title='bbox 758 2012 899 2086; x_wconf 89' lang='lat' dir='ltr'>invenit</span> <span class='ocrx_word' id='word_1_99' title='bbox 915 2036 1088 2109; x_wconf 87' lang='lat' dir='ltr'>usquam,</span> 
     </span>
     <span class='ocr_line' id='line_1_16' title="bbox 39 2123 1086 2225; baseline 0.004 -27"><span class='ocrx_word' id='word_1_100' title='bbox 39 2123 296 2200; x_wconf 87' lang='lat' dir='ltr'>Pereutitora</span> <span class='ocrx_word' id='word_1_101' title='bbox 304 2150 430 2215; x_wconf 89' lang='lat' dir='ltr'>manu,</span> <span class='ocrx_word' id='word_1_102' title='bbox 447 2128 639 2224; x_wconf 90' lang='lat' dir='ltr'>laniatque</span> <span class='ocrx_word' id='word_1_103' title='bbox 655 2139 843 2225; x_wconf 90' lang='lat' dir='ltr'>apectore</span> <span class='ocrx_word' id='word_1_104' title='bbox 854 2137 991 2213; x_wconf 89' lang='lat' dir='ltr'>vestes,</span> <span class='ocrx_word' id='word_1_105' title='bbox 1017 2131 1086 2202; x_wconf 84' lang='grc'>681</span> 
     </span>
    </p>
   </div>
   <div class='ocr_carea' id='block_1_3' title="bbox 14 2388 1097 4148">
    <p class='ocr_par' dir='ltr' id='par_1_5' title="bbox 14 2388 1093 3189">
     <span class='ocr_line' id='line_1_17' title="bbox 72 2388 1091 2456; baseline 0.006 -21"><span class='ocrx_word' id='word_1_106' title='bbox 72 2388 134 2436; x_wconf 82' lang='grc'><strong>670.</strong></span> <span class='ocrx_word' id='word_1_107' title='bbox 145 2388 201 2443; x_wconf 80' lang='lat' dir='ltr'>Sub,</span> <span class='ocrx_word' id='word_1_108' title='bbox 211 2389 246 2444; x_wconf 90' lang='lat' dir='ltr'>in,</span> <span class='ocrx_word' id='word_1_109' title='bbox 257 2399 348 2438; x_wconf 79' lang='lat' dir='ltr'>tortora</span> <span class='ocrx_word' id='word_1_110' title='bbox 361 2389 545 2439; x_wconf 76' lang='lat' dir='ltr'>mitteredicun·</span> <span class='ocrx_word' id='word_1_111' title='bbox 627 2392 684 2439; x_wconf 84' lang='grc'><strong>679.</strong></span> <span class='ocrx_word' id='word_1_112' title='bbox 704 2391 817 2447; x_wconf 73' lang='lat' dir='ltr'>Minium,</span> <span class='ocrx_word' id='word_1_113' title='bbox 836 2392 906 2446; x_wconf 80' lang='lat' dir='ltr'>servi,</span> <span class='ocrx_word' id='word_1_114' title='bbox 924 2393 964 2456; x_wconf 91' lang='lat' dir='ltr'>qui</span> <span class='ocrx_word' id='word_1_115' title='bbox 983 2392 1013 2440; x_wconf 81' lang='lat' dir='ltr'>nd</span> <span class='ocrx_word' id='word_1_116' title='bbox 1032 2393 1091 2442; x_wconf 79' lang='lat' dir='ltr'>soret</span> 
     </span>
     <span class='ocr_line' id='line_1_18' title="bbox 40 2461 1091 2529; baseline 0.004 -19"><span class='ocrx_word' id='word_1_117' title='bbox 40 2461 131 2526; x_wconf 77' lang='lat' dir='ltr'>torqui</span> <span class='ocrx_word' id='word_1_118' title='bbox 142 2461 202 2510; x_wconf 73' lang='lat' dir='ltr'>alios</span> <span class='ocrx_word' id='word_1_119' title='bbox 210 2463 342 2512; x_wconf 74' lang='lat' dir='ltr'>trucidant:</span> <span class='ocrx_word' id='word_1_120' title='bbox 356 2464 398 2512; x_wconf 80' lang='lat' dir='ltr'>sed</span> <span class='ocrx_word' id='word_1_121' title='bbox 410 2480 473 2512; x_wconf 89' lang='lat' dir='ltr'>nuuc</span> <span class='ocrx_word' id='word_1_122' title='bbox 483 2468 546 2512; x_wconf 77' lang='lat' dir='ltr'>mitte</span> <span class='ocrx_word' id='word_1_123' title='bbox 596 2463 700 2512; x_wconf 89' lang='lat' dir='ltr'>cubiculi</span> <span class='ocrx_word' id='word_1_124' title='bbox 712 2462 821 2512; x_wconf 89' lang='lat' dir='ltr'>dominici</span> <span class='ocrx_word' id='word_1_125' title='bbox 833 2464 959 2519; x_wconf 84' lang='lat' dir='ltr'>excubare,</span> <span class='ocrx_word' id='word_1_126' title='bbox 967 2473 1000 2520; x_wconf 85' lang='lat' dir='ltr'>et,</span> <span class='ocrx_word' id='word_1_127' title='bbox 1006 2465 1025 2512; x_wconf 83' lang='lat' dir='ltr'>si</span> <span class='ocrx_word' id='word_1_128' title='bbox 1032 2465 1091 2529; x_wconf 92' lang='lat' dir='ltr'>quid</span> 
     </span>
     <span class='ocr_line' id='line_1_19' title="bbox 40 2534 1091 2602; baseline 0.002 -18"><span class='ocrx_word' id='word_1_129' title='bbox 40 2544 89 2591; x_wconf 72' lang='lat' dir='ltr'>est,</span> <span class='ocrx_word' id='word_1_130' title='bbox 111 2535 165 2584; x_wconf 82' lang='lat' dir='ltr'>sine</span> <span class='ocrx_word' id='word_1_131' title='bbox 184 2534 335 2586; x_wconf 77' lang='lat' dir='ltr'>descendere.</span> <span class='ocrx_word' id='word_1_132' title='bbox 376 2537 469 2591; x_wconf 70' lang='lat' dir='ltr'>lucilia,</span> <span class='ocrx_word' id='word_1_133' title='bbox 490 2539 547 2601; x_wconf 86' lang='lat' dir='ltr'>quia</span> <span class='ocrx_word' id='word_1_134' title='bbox 597 2537 722 2592; x_wconf 85' lang='lat' dir='ltr'>accideret,</span> <span class='ocrx_word' id='word_1_135' title='bbox 733 2548 818 2602; x_wconf 84' lang='lat' dir='ltr'>praesto</span> <span class='ocrx_word' id='word_1_136' title='bbox 832 2553 892 2590; x_wconf 82' lang='lat' dir='ltr'>esse,</span> <span class='ocrx_word' id='word_1_137' title='bbox 904 2536 984 2584; x_wconf 87' lang='lat' dir='ltr'>lumen</span> <span class='ocrx_word' id='word_1_138' title='bbox 998 2537 1091 2593; x_wconf 81' lang='lat' dir='ltr'>inferre,</span> 
     </span>
     <span class='ocr_line' id='line_1_20' title="bbox 42 2608 1090 2669; baseline 0.003 -14"><span class='ocrx_word' id='word_1_139' title='bbox 42 2609 137 2656; x_wconf 68' lang='lat' dir='ltr'>umbre</span> <span class='ocrx_word' id='word_1_140' title='bbox 156 2608 190 2657; x_wconf 84' lang='lat' dir='ltr'>ibi</span> <span class='ocrx_word' id='word_1_141' title='bbox 207 2609 300 2659; x_wconf 81' lang='lat' dir='ltr'>inanes.</span> <span class='ocrx_word' id='word_1_142' title='bbox 325 2610 445 2667; x_wconf 77' lang='lat' dir='ltr'>Horatius,</span> <span class='ocrx_word' id='word_1_143' title='bbox 461 2613 483 2659; x_wconf 94' lang='lat'>1.</span> <span class='ocrx_word' id='word_1_144' title='bbox 499 2613 547 2662; x_wconf 89' lang='lat' dir='ltr'>Od.</span> <span class='ocrx_word' id='word_1_145' title='bbox 596 2620 644 2658; x_wconf 82' lang='lat' dir='ltr'>etc.</span> <span class='ocrx_word' id='word_1_146' title='bbox 662 2611 784 2669; x_wconf 81' lang='lat' dir='ltr'>solebant3</span> <span class='ocrx_word' id='word_1_147' title='bbox 800 2611 855 2658; x_wconf 86' lang='lat' dir='ltr'>vide</span> <span class='ocrx_word' id='word_1_148' title='bbox 869 2611 992 2658; x_wconf 84' lang='lat' dir='ltr'>Dmlenb.</span> <span class='ocrx_word' id='word_1_149' title='bbox 1007 2611 1037 2659; x_wconf 80' lang='lat' dir='ltr'>ad</span> <span class='ocrx_word' id='word_1_150' title='bbox 1054 2611 1090 2658; x_wconf 89' lang='lat' dir='ltr'>Si-</span> 
     </span>
     <span class='ocr_line' id='line_1_21' title="bbox 42 2680 1092 2742; baseline 0.003 -14"><span class='ocrx_word' id='word_1_151' title='bbox 42 2680 77 2731; x_wconf 76' lang='lat' dir='ltr'>iv.</span> <span class='ocrx_word' id='word_1_152' title='bbox 92 2684 133 2730; x_wconf 90' lang='grc'><strong>17.</strong></span> <span class='ocrx_word' id='word_1_153' title='bbox 146 2685 224 2731; x_wconf 76' lang='lat' dir='ltr'>domm</span> <span class='ocrx_word' id='word_1_154' title='bbox 234 2686 298 2732; x_wconf 74' lang='lat' dir='ltr'>exilis</span> <span class='ocrx_word' id='word_1_155' title='bbox 309 2685 427 2733; x_wconf 80' lang='lat' dir='ltr'>Plutonia.</span> <span class='ocrx_word' id='word_1_156' title='bbox 596 2683 663 2739; x_wconf 86' lang='lat' dir='ltr'>lium,</span> <span class='ocrx_word' id='word_1_157' title='bbox 677 2685 693 2731; x_wconf 93' lang='lat' dir='ltr'>i.</span> <span class='ocrx_word' id='word_1_158' title='bbox 705 2686 745 2731; x_wconf 88' lang='grc'>66.</span> <span class='ocrx_word' id='word_1_159' title='bbox 758 2683 798 2732; x_wconf 91' lang='lat' dir='ltr'>ubi</span> <span class='ocrx_word' id='word_1_160' title='bbox 815 2683 899 2742; x_wconf 66' lang='lat' dir='ltr'>famuli-</span> <span class='ocrx_word' id='word_1_161' title='bbox 914 2686 944 2730; x_wconf 84' lang='lat' dir='ltr'>od</span> <span class='ocrx_word' id='word_1_162' title='bbox 961 2685 1040 2731; x_wconf 79' lang='lat' dir='ltr'>limina</span> <span class='ocrx_word' id='word_1_163' title='bbox 1051 2701 1092 2732; x_wconf 83' lang='lat' dir='ltr'>vo-</span> 
     </span>
     <span class='ocr_line' id='line_1_22' title="bbox 14 2756 688 2820; baseline -0.001 -16"><span class='ocrx_word' id='word_1_164' title='bbox 14 2756 17 2765; x_wconf 90' lang='lat'>&#39;</span> <span class='ocrx_word' id='word_1_165' title='bbox 77 2756 292 2819; x_wconf 69' lang='lat' dir='ltr'>673.Gmumq1o</span> <span class='ocrx_word' id='word_1_166' title='bbox 307 2758 467 2820; x_wconf 59' lang='lat' dir='ltr'>muniendo]</span> <span class='ocrx_word' id='word_1_167' title='bbox 490 2756 546 2806; x_wconf 86' lang='lat' dir='ltr'>Pla-</span> <span class='ocrx_word' id='word_1_168' title='bbox 597 2766 688 2805; x_wconf 85' lang='lat' dir='ltr'>cantur.</span> 
     </span>
     <span class='ocr_line' id='line_1_23' title="bbox 43 2828 1092 2895; baseline -0.002 -15"><span class='ocrx_word' id='word_1_169' title='bbox 43 2830 134 2886; x_wconf 75' lang='lat' dir='ltr'>nudes,</span> <span class='ocrx_word' id='word_1_170' title='bbox 151 2842 304 2894; x_wconf 71' lang='lat' dir='ltr'>sceptrumque</span> <span class='ocrx_word' id='word_1_171' title='bbox 319 2848 400 2880; x_wconf 72' lang='lat' dir='ltr'>monus</span> <span class='ocrx_word' id='word_1_172' title='bbox 412 2832 491 2895; x_wconf 74' lang='lat' dir='ltr'>Ceycis</span> <span class='ocrx_word' id='word_1_173' title='bbox 506 2834 546 2879; x_wconf 80' lang='lat' dir='ltr'>ha-</span> <span class='ocrx_word' id='word_1_174' title='bbox 629 2830 687 2876; x_wconf 76' lang='lat' dir='ltr'>ott.</span> <span class='ocrx_word' id='word_1_175' title='bbox 700 2832 818 2890; x_wconf 78' lang='lat' dir='ltr'>Apectore</span> <span class='ocrx_word' id='word_1_176' title='bbox 831 2828 1005 2894; x_wconf 77' lang='grc' dir='ltr'><strong><em>βραχυλόγως,</em></strong></span> <span class='ocrx_word' id='word_1_177' title='bbox 1017 2831 1092 2879; x_wconf 66' lang='lat' dir='ltr'>basiet</span> 
     </span>
     <span class='ocr_line' id='line_1_24' title="bbox 43 2902 1091 2970; baseline -0.001 -17"><span class='ocrx_word' id='word_1_178' title='bbox 43 2907 144 2953; x_wconf 67' lang='lat' dir='ltr'>bellom</span> <span class='ocrx_word' id='word_1_179' title='bbox 160 2905 202 2952; x_wconf 77' lang='grc' dir='ltr'>καὶ</span> <span class='ocrx_word' id='word_1_180' title='bbox 218 2908 348 2968; x_wconf 75' lang='grc' dir='ltr'><strong><em>σκῆπτρον</em></strong></span> <span class='ocrx_word' id='word_1_181' title='bbox 365 2908 396 2970; x_wconf 69' lang='grc' dir='ltr'>τῇ</span> <span class='ocrx_word' id='word_1_182' title='bbox 413 2907 475 2969; x_wconf 78' lang='grc' dir='ltr'><strong><em>χειρὶ</em></strong></span> <span class='ocrx_word' id='word_1_183' title='bbox 489 2907 547 2968; x_wconf 71' lang='grc' dir='ltr'><strong>εἶχε.</strong></span> <span class='ocrx_word' id='word_1_184' title='bbox 597 2913 665 2951; x_wconf 74' lang='lat' dir='ltr'>cester</span> <span class='ocrx_word' id='word_1_185' title='bbox 675 2902 705 2951; x_wconf 88' lang='lat' dir='ltr'>de</span> <span class='ocrx_word' id='word_1_186' title='bbox 716 2902 818 2951; x_wconf 76' lang='lat' dir='ltr'>detrahit</span> <span class='ocrx_word' id='word_1_187' title='bbox 833 2921 848 2949; x_wconf 87' lang='lat' dir='ltr'>o</span> <span class='ocrx_word' id='word_1_188' title='bbox 862 2913 958 2962; x_wconf 76' lang='lat' dir='ltr'>pectore,</span> <span class='ocrx_word' id='word_1_189' title='bbox 968 2912 994 2951; x_wconf 88' lang='lat' dir='ltr'>ut</span> <span class='ocrx_word' id='word_1_190' title='bbox 1005 2902 1038 2952; x_wconf 80' lang='lat' dir='ltr'>ix.</span> <span class='ocrx_word' id='word_1_191' title='bbox 1048 2906 1091 2952; x_wconf 77' lang='lat'>58.</span> 
     </span>
     <span class='ocr_line' id='line_1_25' title="bbox 44 2975 1092 3043; baseline -0.002 -17"><span class='ocrx_word' id='word_1_192' title='bbox 44 2976 351 3043; x_wconf 70' lang='lat' dir='ltr'>Regilnostrlgestumque.</span> <span class='ocrx_word' id='word_1_193' title='bbox 359 2989 405 3027; x_wconf 89' lang='lat' dir='ltr'>etc.</span> <span class='ocrx_word' id='word_1_194' title='bbox 423 2979 485 3027; x_wconf 91' lang='lat' dir='ltr'>Vide</span> <span class='ocrx_word' id='word_1_195' title='bbox 493 2996 546 3042; x_wconf 73' lang='lat' dir='ltr'>quae</span> <span class='ocrx_word' id='word_1_196' title='bbox 597 2979 651 3024; x_wconf 72' lang='lat' dir='ltr'>solui</span> <span class='ocrx_word' id='word_1_197' title='bbox 666 2980 735 3025; x_wconf 81' lang='lat' dir='ltr'>duros</span> <span class='ocrx_word' id='word_1_198' title='bbox 751 2996 765 3023; x_wconf 84' lang='lat' dir='ltr'>a</span> <span class='ocrx_word' id='word_1_199' title='bbox 778 2987 864 3038; x_wconf 75' lang='lat' dir='ltr'>pectore</span> <span class='ocrx_word' id='word_1_200' title='bbox 880 2993 957 3025; x_wconf 73' lang='lat' dir='ltr'>uerna.</span> <span class='ocrx_word' id='word_1_201' title='bbox 991 2975 1039 3025; x_wconf 79' lang='lat' dir='ltr'>Nec</span> <span class='ocrx_word' id='word_1_202' title='bbox 1050 2980 1092 3025; x_wconf 77' lang='lat' dir='ltr'>tol·</span> 
     </span>
     <span class='ocr_line' id='line_1_26' title="bbox 44 3050 1093 3117; baseline 0 -18"><span class='ocrx_word' id='word_1_203' title='bbox 44 3050 142 3100; x_wconf 72' lang='lat' dir='ltr'>notavit</span> <span class='ocrx_word' id='word_1_204' title='bbox 159 3050 191 3099; x_wconf 74' lang='lat' dir='ltr'>ed</span> <span class='ocrx_word' id='word_1_205' title='bbox 208 3051 271 3100; x_wconf 89' lang='lat' dir='ltr'>bunc</span> <span class='ocrx_word' id='word_1_206' title='bbox 288 3053 374 3109; x_wconf 88' lang='lat' dir='ltr'>locum,</span> <span class='ocrx_word' id='word_1_207' title='bbox 390 3054 436 3102; x_wconf 87' lang='lat' dir='ltr'>vol.</span> <span class='ocrx_word' id='word_1_208' title='bbox 450 3068 502 3117; x_wconf 81' lang='lat' dir='ltr'>seq.</span> <span class='ocrx_word' id='word_1_209' title='bbox 520 3053 547 3100; x_wconf 85' lang='lat' dir='ltr'>C.</span> <span class='ocrx_word' id='word_1_210' title='bbox 597 3068 647 3099; x_wconf 82' lang='lat' dir='ltr'>vere</span> <span class='ocrx_word' id='word_1_211' title='bbox 668 3062 744 3107; x_wconf 81' lang='lat' dir='ltr'>curat,</span> <span class='ocrx_word' id='word_1_212' title='bbox 762 3066 808 3098; x_wconf 89' lang='lat' dir='ltr'>nou</span> <span class='ocrx_word' id='word_1_213' title='bbox 830 3058 921 3098; x_wconf 82' lang='lat' dir='ltr'>tautum</span> <span class='ocrx_word' id='word_1_214' title='bbox 941 3051 1053 3114; x_wconf 82' lang='lat' dir='ltr'>temporis</span> <span class='ocrx_word' id='word_1_215' title='bbox 1068 3060 1093 3099; x_wconf 78' lang='lat' dir='ltr'>et</span> 
     </span>
     <span class='ocr_line' id='line_1_27' title="bbox 46 3123 1093 3189; baseline -0.001 -16"><span class='ocrx_word' id='word_1_216' title='bbox 46 3124 196 3173; x_wconf 72' lang='lat' dir='ltr'>Boinomdae.</span> <span class='ocrx_word' id='word_1_217' title='bbox 597 3139 674 3188; x_wconf 76' lang='lat' dir='ltr'>operae</span> <span class='ocrx_word' id='word_1_218' title='bbox 686 3124 810 3189; x_wconf 87' lang='lat' dir='ltr'>impendit,</span> <span class='ocrx_word' id='word_1_219' title='bbox 822 3123 1093 3180; x_wconf 73' lang='lat' dir='ltr'>utrolvat,sedscindit.</span> 
     </span>
    </p>

    <p class='ocr_par' dir='ltr' id='par_1_6' title="bbox 44 3197 1097 4148">
     <span class='ocr_line' id='line_1_28' title="bbox 80 3197 1093 3261; baseline 0 -15"><span class='ocrx_word' id='word_1_220' title='bbox 80 3198 141 3247; x_wconf 86' lang='grc'><strong>677.</strong></span> <span class='ocrx_word' id='word_1_221' title='bbox 155 3199 198 3246; x_wconf 71' lang='lat' dir='ltr'>sni</span> <span class='ocrx_word' id='word_1_222' title='bbox 212 3214 226 3247; x_wconf 83' lang='lat' dir='ltr'>e</span> <span class='ocrx_word' id='word_1_223' title='bbox 239 3214 280 3248; x_wconf 79' lang='lat' dir='ltr'>sex</span> <span class='ocrx_word' id='word_1_224' title='bbox 292 3200 363 3247; x_wconf 77' lang='lat' dir='ltr'>MSS.</span> <span class='ocrx_word' id='word_1_225' title='bbox 373 3197 464 3261; x_wconf 86' lang='lat' dir='ltr'>recepit</span> <span class='ocrx_word' id='word_1_226' title='bbox 473 3198 547 3245; x_wconf 87' lang='lat' dir='ltr'>Heiu-</span> <span class='ocrx_word' id='word_1_227' title='bbox 597 3198 645 3246; x_wconf 90' lang='lat'><strong>111.</strong></span> <span class='ocrx_word' id='word_1_228' title='bbox 660 3199 731 3247; x_wconf 85' lang='lat' dir='ltr'>Trist.</span> <span class='ocrx_word' id='word_1_229' title='bbox 744 3198 778 3246; x_wconf 81' lang='lat' dir='ltr'>iii.</span> <span class='ocrx_word' id='word_1_230' title='bbox 792 3199 834 3247; x_wconf 78' lang='lat'>51.</span> <span class='ocrx_word' id='word_1_231' title='bbox 849 3198 923 3244; x_wconf 78' lang='lat' dir='ltr'>Parce</span> <span class='ocrx_word' id='word_1_232' title='bbox 940 3208 1014 3244; x_wconf 73' lang='lat' dir='ltr'>tanim</span> <span class='ocrx_word' id='word_1_233' title='bbox 1034 3199 1093 3246; x_wconf 80' lang='lat' dir='ltr'>loce·</span> 
     </span>
     <span class='ocr_line' id='line_1_29' title="bbox 44 3270 1093 3337; baseline -0.001 -16"><span class='ocrx_word' id='word_1_234' title='bbox 44 3271 98 3321; x_wconf 73' lang='lat' dir='ltr'>sius</span> <span class='ocrx_word' id='word_1_235' title='bbox 115 3271 173 3336; x_wconf 74' lang='lat' dir='ltr'>quie</span> <span class='ocrx_word' id='word_1_236' title='bbox 190 3287 269 3320; x_wconf 77' lang='lat' dir='ltr'>versus</span> <span class='ocrx_word' id='word_1_237' title='bbox 290 3281 336 3320; x_wconf 79' lang='lat' dir='ltr'>tres</span> <span class='ocrx_word' id='word_1_238' title='bbox 357 3270 460 3337; x_wconf 86' lang='lat' dir='ltr'>proxime</span> <span class='ocrx_word' id='word_1_239' title='bbox 482 3281 548 3320; x_wconf 81' lang='lat' dir='ltr'>unte·</span> <span class='ocrx_word' id='word_1_240' title='bbox 597 3289 651 3321; x_wconf 79' lang='lat' dir='ltr'>rore</span> <span class='ocrx_word' id='word_1_241' title='bbox 669 3289 748 3336; x_wconf 78' lang='lat' dir='ltr'>genos,</span> <span class='ocrx_word' id='word_1_242' title='bbox 765 3289 805 3320; x_wconf 75' lang='lat' dir='ltr'>nec</span> <span class='ocrx_word' id='word_1_243' title='bbox 826 3273 902 3320; x_wconf 79' lang='lat' dir='ltr'>scinde</span> <span class='ocrx_word' id='word_1_244' title='bbox 920 3271 1021 3332; x_wconf 71' lang='lat' dir='ltr'>capillos.</span> <span class='ocrx_word' id='word_1_245' title='bbox 1053 3272 1093 3320; x_wconf 85' lang='lat' dir='ltr'>So-</span> 
     </span>
     <span class='ocr_line' id='line_1_30' title="bbox 44 3342 1095 3409; baseline 0.001 -16"><span class='ocrx_word' id='word_1_246' title='bbox 44 3344 165 3394; x_wconf 79' lang='lat' dir='ltr'>cedeutes</span> <span class='ocrx_word' id='word_1_247' title='bbox 180 3345 270 3409; x_wconf 73' lang='lat' dir='ltr'>spurios</span> <span class='ocrx_word' id='word_1_248' title='bbox 287 3344 428 3409; x_wconf 77' lang='lat' dir='ltr'>judicabat:</span> <span class='ocrx_word' id='word_1_249' title='bbox 451 3342 488 3391; x_wconf 89' lang='lat' dir='ltr'>siu</span> <span class='ocrx_word' id='word_1_250' title='bbox 509 3360 549 3392; x_wconf 83' lang='lat' dir='ltr'>eos</span> <span class='ocrx_word' id='word_1_251' title='bbox 598 3346 780 3394; x_wconf 76' lang='lat' dir='ltr'>lautia—verba.</span> <span class='ocrx_word' id='word_1_252' title='bbox 816 3344 964 3408; x_wconf 79' lang='lat' dir='ltr'>Scbepperus</span> <span class='ocrx_word' id='word_1_253' title='bbox 995 3345 1095 3409; x_wconf 76' lang='lat' dir='ltr'>putabat</span> 
     </span>
     <span class='ocr_line' id='line_1_31' title="bbox 45 3416 1096 3485; baseline -0.004 -17"><span class='ocrx_word' id='word_1_254' title='bbox 45 3428 155 3474; x_wconf 80' lang='lat' dir='ltr'>tuemur,</span> <span class='ocrx_word' id='word_1_255' title='bbox 177 3419 260 3481; x_wconf 83' lang='lat' dir='ltr'>utique</span> <span class='ocrx_word' id='word_1_256' title='bbox 280 3418 408 3482; x_wconf 82' lang='lat' dir='ltr'>legendum</span> <span class='ocrx_word' id='word_1_257' title='bbox 426 3416 471 3465; x_wconf 86' lang='lat' dir='ltr'>crit</span> <span class='ocrx_word' id='word_1_258' title='bbox 495 3418 549 3466; x_wconf 79' lang='lat' dir='ltr'>Voce</span> <span class='ocrx_word' id='word_1_259' title='bbox 598 3420 670 3467; x_wconf 87' lang='lat' dir='ltr'>verba</span> <span class='ocrx_word' id='word_1_260' title='bbox 687 3418 763 3482; x_wconf 74' lang='lat' dir='ltr'>magis</span> <span class='ocrx_word' id='word_1_261' title='bbox 782 3416 903 3483; x_wconf 80' lang='lat' dir='ltr'>pathetica</span> <span class='ocrx_word' id='word_1_262' title='bbox 919 3418 976 3474; x_wconf 80' lang='lat' dir='ltr'>lore,</span> <span class='ocrx_word' id='word_1_263' title='bbox 992 3417 1013 3464; x_wconf 86' lang='lat' dir='ltr'>si</span> <span class='ocrx_word' id='word_1_264' title='bbox 1030 3417 1096 3485; x_wconf 73' lang='lat' dir='ltr'>legas</span> 
     </span>
     <span class='ocr_line' id='line_1_32' title="bbox 44 3489 1095 3556; baseline 0 -16"><span class='ocrx_word' id='word_1_265' title='bbox 44 3509 100 3541; x_wconf 74' lang='lat' dir='ltr'>m.</span> <span class='ocrx_word' id='word_1_266' title='bbox 134 3491 216 3555; x_wconf 78' lang='lat' dir='ltr'>Atque</span> <span class='ocrx_word' id='word_1_267' title='bbox 226 3491 270 3540; x_wconf 87' lang='lat' dir='ltr'>hoc</span> <span class='ocrx_word' id='word_1_268' title='bbox 281 3507 326 3555; x_wconf 78' lang='lat' dir='ltr'>ego</span> <span class='ocrx_word' id='word_1_269' title='bbox 336 3490 418 3547; x_wconf 73' lang='lat' dir='ltr'>malui,</span> <span class='ocrx_word' id='word_1_270' title='bbox 430 3506 484 3538; x_wconf 85' lang='lat' dir='ltr'>nam</span> <span class='ocrx_word' id='word_1_271' title='bbox 495 3506 548 3539; x_wconf 82' lang='lat' dir='ltr'>mox</span> <span class='ocrx_word' id='word_1_272' title='bbox 598 3495 707 3541; x_wconf 63' lang='lat' dir='ltr'>momina</span> <span class='ocrx_word' id='word_1_273' title='bbox 725 3493 798 3541; x_wconf 75' lang='lat' dir='ltr'>tollite</span> <span class='ocrx_word' id='word_1_274' title='bbox 812 3501 895 3539; x_wconf 74' lang='lat' dir='ltr'>veura.</span> <span class='ocrx_word' id='word_1_275' title='bbox 929 3489 1095 3556; x_wconf 72' lang='lat' dir='ltr'>Pmimupud</span> 
     </span>
     <span class='ocr_line' id='line_1_33' title="bbox 45 3564 1096 3629; baseline -0.004 -14"><span class='ocrx_word' id='word_1_276' title='bbox 45 3564 153 3615; x_wconf 80' lang='lat' dir='ltr'>ministri</span> <span class='ocrx_word' id='word_1_277' title='bbox 178 3565 301 3614; x_wconf 76' lang='lat' dir='ltr'>traduntur</span> <span class='ocrx_word' id='word_1_278' title='bbox 327 3566 385 3613; x_wconf 88' lang='lat' dir='ltr'>moti</span> <span class='ocrx_word' id='word_1_279' title='bbox 409 3580 460 3614; x_wconf 81' lang='lat' dir='ltr'>esse</span> <span class='ocrx_word' id='word_1_280' title='bbox 487 3582 548 3620; x_wconf 85' lang='lat' dir='ltr'>voce,</span> <span class='ocrx_word' id='word_1_281' title='bbox 600 3567 712 3616; x_wconf 84' lang='lat' dir='ltr'>Nostrum</span> <span class='ocrx_word' id='word_1_282' title='bbox 728 3570 855 3629; x_wconf 66' lang='lat' dir='ltr'>promotio,</span> <span class='ocrx_word' id='word_1_283' title='bbox 869 3566 1001 3620; x_wconf 71' lang='lat' dir='ltr'>vmrroutio,</span> <span class='ocrx_word' id='word_1_284' title='bbox 1019 3566 1096 3629; x_wconf 79' lang='lat' dir='ltr'>indig-</span> 
     </span>
     <span class='ocr_line' id='line_1_34' title="bbox 46 3637 1096 3702; baseline -0.001 -15"><span class='ocrx_word' id='word_1_285' title='bbox 46 3652 138 3702; x_wconf 80' lang='lat' dir='ltr'>nempe</span> <span class='ocrx_word' id='word_1_286' title='bbox 164 3638 308 3702; x_wconf 72' lang='lat' dir='ltr'>Halcyonen-</span> <span class='ocrx_word' id='word_1_287' title='bbox 351 3638 453 3686; x_wconf 86' lang='lat' dir='ltr'>Somniis</span> <span class='ocrx_word' id='word_1_288' title='bbox 477 3639 549 3687; x_wconf 83' lang='lat' dir='ltr'>territi</span> <span class='ocrx_word' id='word_1_289' title='bbox 599 3646 690 3697; x_wconf 80' lang='lat' dir='ltr'>nantia,</span> <span class='ocrx_word' id='word_1_290' title='bbox 710 3643 822 3702; x_wconf 51' lang='lat' dir='ltr'>parantia</span> <span class='ocrx_word' id='word_1_291' title='bbox 846 3640 922 3694; x_wconf 77' lang='lat' dir='ltr'>norbo,</span> <span class='ocrx_word' id='word_1_292' title='bbox 943 3645 967 3686; x_wconf 85' lang='lat' dir='ltr'>et</span> <span class='ocrx_word' id='word_1_293' title='bbox 993 3637 1096 3697; x_wconf 72' lang='lat' dir='ltr'>similia,</span> 
     </span>
     <span class='ocr_line' id='line_1_35' title="bbox 46 3710 1097 3778; baseline -0.004 -17"><span class='ocrx_word' id='word_1_294' title='bbox 46 3728 116 3777; x_wconf 69' lang='lat' dir='ltr'>sape</span> <span class='ocrx_word' id='word_1_295' title='bbox 134 3712 212 3761; x_wconf 75' lang='lat' dir='ltr'>solent</span> <span class='ocrx_word' id='word_1_296' title='bbox 223 3714 330 3761; x_wconf 76' lang='lat' dir='ltr'>membre</span> <span class='ocrx_word' id='word_1_297' title='bbox 346 3728 449 3767; x_wconf 84' lang='lat' dir='ltr'>movere,</span> <span class='ocrx_word' id='word_1_298' title='bbox 461 3711 550 3761; x_wconf 83' lang='lat' dir='ltr'>clamo·</span> <span class='ocrx_word' id='word_1_299' title='bbox 599 3730 667 3762; x_wconf 81' lang='lat' dir='ltr'>serva</span> <span class='ocrx_word' id='word_1_300' title='bbox 678 3714 749 3778; x_wconf 83' lang='lat' dir='ltr'>igitur</span> <span class='ocrx_word' id='word_1_301' title='bbox 763 3713 888 3762; x_wconf 85' lang='lat' dir='ltr'>lectionem</span> <span class='ocrx_word' id='word_1_302' title='bbox 902 3710 1011 3759; x_wconf 89' lang='lat' dir='ltr'>codicum</span> <span class='ocrx_word' id='word_1_303' title='bbox 1021 3712 1097 3758; x_wconf 74' lang='lat' dir='ltr'>rolan-</span> 
     </span>
     <span class='ocr_line' id='line_1_36' title="bbox 46 3783 1097 3852; baseline -0.005 -17"><span class='ocrx_word' id='word_1_304' title='bbox 46 3801 137 3851; x_wconf 76' lang='lat' dir='ltr'>mque</span> <span class='ocrx_word' id='word_1_305' title='bbox 150 3787 242 3842; x_wconf 79' lang='lat' dir='ltr'>tollere,</span> <span class='ocrx_word' id='word_1_306' title='bbox 254 3787 341 3852; x_wconf 82' lang='lat' dir='ltr'>quibus</span> <span class='ocrx_word' id='word_1_307' title='bbox 354 3787 473 3836; x_wconf 79' lang='lat' dir='ltr'>excutitur</span> <span class='ocrx_word' id='word_1_308' title='bbox 488 3803 548 3835; x_wconf 82' lang='lat' dir='ltr'>som·</span> <span class='ocrx_word' id='word_1_309' title='bbox 600 3791 641 3835; x_wconf 85' lang='lat' dir='ltr'>tio.</span> <span class='ocrx_word' id='word_1_310' title='bbox 680 3788 720 3835; x_wconf 90' lang='lat' dir='ltr'>De</span> <span class='ocrx_word' id='word_1_311' title='bbox 740 3789 836 3834; x_wconf 73' lang='lat' dir='ltr'>solorum</span> <span class='ocrx_word' id='word_1_312' title='bbox 856 3786 923 3832; x_wconf 73' lang='lat' dir='ltr'>verbo</span> <span class='ocrx_word' id='word_1_313' title='bbox 943 3783 992 3831; x_wconf 88' lang='lat' dir='ltr'>vid.</span> <span class='ocrx_word' id='word_1_314' title='bbox 1014 3783 1043 3831; x_wconf 77' lang='lat' dir='ltr'>ed</span> <span class='ocrx_word' id='word_1_315' title='bbox 1064 3784 1097 3830; x_wconf 82' lang='lat' dir='ltr'>ir.</span> 
     </span>
     <span class='ocr_line' id='line_1_37' title="bbox 49 3854 1096 3924; baseline -0.005 -16"><span class='ocrx_word' id='word_1_316' title='bbox 49 3874 105 3916; x_wconf 74' lang='lat' dir='ltr'>nus,</span> <span class='ocrx_word' id='word_1_317' title='bbox 124 3858 197 3924; x_wconf 83' lang='lat' dir='ltr'>idque</span> <span class='ocrx_word' id='word_1_318' title='bbox 212 3876 238 3908; x_wconf 81' lang='lat' dir='ltr'>se</span> <span class='ocrx_word' id='word_1_319' title='bbox 256 3860 339 3909; x_wconf 80' lang='lat' dir='ltr'>secisse</span> <span class='ocrx_word' id='word_1_320' title='bbox 359 3860 482 3924; x_wconf 76' lang='lat' dir='ltr'>Halcyone</span> <span class='ocrx_word' id='word_1_321' title='bbox 499 3860 550 3924; x_wconf 80' lang='lat' dir='ltr'>ipsa</span> <span class='ocrx_word' id='word_1_322' title='bbox 603 3863 655 3910; x_wconf 84' lang='grc'><strong>159.</strong></span> <span class='ocrx_word' id='word_1_323' title='bbox 690 3861 781 3915; x_wconf 79' lang='lat' dir='ltr'>Tollite,</span> <span class='ocrx_word' id='word_1_324' title='bbox 799 3861 953 3907; x_wconf 66' lang='lat' dir='ltr'>intersumus.</span> <span class='ocrx_word' id='word_1_325' title='bbox 976 3854 1096 3908; x_wconf 77' lang='lat' dir='ltr'>Horatius.</span> 
     </span>
     <span class='ocr_line' id='line_1_38' title="bbox 48 3927 1096 3998; baseline -0.009 -16"><span class='ocrx_word' id='word_1_326' title='bbox 48 3950 109 3982; x_wconf 80' lang='lat' dir='ltr'>mox</span> <span class='ocrx_word' id='word_1_327' title='bbox 128 3942 207 3982; x_wconf 73' lang='lat' dir='ltr'>namt</span> <span class='ocrx_word' id='word_1_328' title='bbox 226 3949 273 3984; x_wconf 80' lang='lat' dir='ltr'>ver.</span> <span class='ocrx_word' id='word_1_329' title='bbox 292 3936 350 3984; x_wconf 84' lang='grc'><strong>6117.</strong></span> <span class='ocrx_word' id='word_1_330' title='bbox 385 3933 474 3991; x_wconf 86' lang='lat' dir='ltr'>Quidni</span> <span class='ocrx_word' id='word_1_331' title='bbox 495 3950 551 3998; x_wconf 86' lang='lat' dir='ltr'>ergo</span> <span class='ocrx_word' id='word_1_332' title='bbox 600 3933 648 3981; x_wconf 86' lang='lat' dir='ltr'>Od.</span> <span class='ocrx_word' id='word_1_333' title='bbox 658 3933 722 3982; x_wconf 70' lang='grc'><strong>117.</strong></span> <span class='ocrx_word' id='word_1_334' title='bbox 734 3935 806 3981; x_wconf 84' lang='lat' dir='ltr'>tollite</span> <span class='ocrx_word' id='word_1_335' title='bbox 815 3934 1031 3979; x_wconf 75' lang='lat' dir='ltr'>barbammmorem·</span> <span class='ocrx_word' id='word_1_336' title='bbox 1048 3927 1096 3974; x_wconf 81' lang='lat' dir='ltr'>Ve-</span> 
     </span>
     <span class='ocr_line' id='line_1_39' title="bbox 49 3998 1097 4073; baseline -0.009 -18"><span class='ocrx_word' id='word_1_337' title='bbox 49 4007 141 4057; x_wconf 74' lang='lat' dir='ltr'>Norter</span> <span class='ocrx_word' id='word_1_338' title='bbox 151 4007 176 4056; x_wconf 92' lang='lat' dir='ltr'>id</span> <span class='ocrx_word' id='word_1_339' title='bbox 184 4008 356 4073; x_wconf 74' lang='lat' dir='ltr'>notaverit,qui</span> <span class='ocrx_word' id='word_1_340' title='bbox 366 4007 426 4057; x_wconf 87' lang='lat' dir='ltr'>nibil</span> <span class='ocrx_word' id='word_1_341' title='bbox 436 4007 485 4057; x_wconf 82' lang='lat' dir='ltr'>lere</span> <span class='ocrx_word' id='word_1_342' title='bbox 495 4023 551 4072; x_wconf 83' lang='lat' dir='ltr'>tup-</span> <span class='ocrx_word' id='word_1_343' title='bbox 601 4016 638 4055; x_wconf 84' lang='lat' dir='ltr'>tus</span> <span class='ocrx_word' id='word_1_344' title='bbox 648 4015 720 4070; x_wconf 80' lang='lat' dir='ltr'>poeta</span> <span class='ocrx_word' id='word_1_345' title='bbox 736 4005 800 4071; x_wconf 81' lang='lat' dir='ltr'>apud</span> <span class='ocrx_word' id='word_1_346' title='bbox 811 4005 958 4056; x_wconf 82' lang='lat' dir='ltr'>Ciceronem,</span> <span class='ocrx_word' id='word_1_347' title='bbox 968 4000 1010 4048; x_wconf 86' lang='lat' dir='ltr'>Or.</span> <span class='ocrx_word' id='word_1_348' title='bbox 1020 3998 1046 4046; x_wconf 91' lang='lat' dir='ltr'>ii.</span> <span class='ocrx_word' id='word_1_349' title='bbox 1056 4000 1097 4047; x_wconf 87' lang='lat'>46.</span> 
     </span>
     <span class='ocr_line' id='line_1_40' title="bbox 48 4077 979 4148; baseline -0.005 -18"><span class='ocrx_word' id='word_1_350' title='bbox 48 4082 141 4147; x_wconf 70' lang='lat' dir='ltr'>priserit,</span> <span class='ocrx_word' id='word_1_351' title='bbox 149 4082 213 4146; x_wconf 85' lang='lat' dir='ltr'>qnod</span> <span class='ocrx_word' id='word_1_352' title='bbox 219 4083 361 4134; x_wconf 68' lang='lat' dir='ltr'>inexhausta</span> <span class='ocrx_word' id='word_1_353' title='bbox 370 4084 422 4147; x_wconf 78' lang='lat' dir='ltr'>ejus</span> <span class='ocrx_word' id='word_1_354' title='bbox 427 4082 552 4148; x_wconf 64' lang='lat' dir='ltr'>phantasia</span> <span class='ocrx_word' id='word_1_355' title='bbox 600 4080 691 4143; x_wconf 79' lang='lat' dir='ltr'>auferte</span> <span class='ocrx_word' id='word_1_356' title='bbox 702 4084 766 4129; x_wconf 78' lang='lat' dir='ltr'>istam</span> <span class='ocrx_word' id='word_1_357' title='bbox 777 4083 835 4127; x_wconf 85' lang='lat' dir='ltr'>enim</span> <span class='ocrx_word' id='word_1_358' title='bbox 846 4077 979 4137; x_wconf 72' lang='lat' dir='ltr'>superbiam·</span> 
     </span>
    </p>
   </div>
   <div class='ocr_carea' id='block_1_4' title="bbox 50 4156 264 4222">
    <p class='ocr_par' dir='ltr' id='par_1_7' title="bbox 50 4156 264 4222">
     <span class='ocr_line' id='line_1_41' title="bbox 50 4156 264 4222; baseline -0.009 -16"><span class='ocrx_word' id='word_1_359' title='bbox 50 4156 100 4222; x_wconf 77' lang='lat' dir='ltr'>ipsi</span> <span class='ocrx_word' id='word_1_360' title='bbox 111 4156 264 4222; x_wconf 73' lang='lat' dir='ltr'>suppeditet!</span> 
     </span>
    </p>
   </div>
   <div class='ocr_carea' id='block_1_5' title="bbox 0 0 1411 5004">
    <p class='ocr_par' dir='ltr' id='par_1_8' title="bbox 0 0 1411 5004">
     <span class='ocr_line' id='line_1_42' title="bbox 0 0 1411 5004; baseline 0 0"><span class='ocrx_word' id='word_1_361' title='bbox 0 0 1411 5004; x_wconf 95' lang='lat' dir='ltr'> </span> 
     </span>
    </p>
   </div>
  </div>
 </body>
</html>
