2774 5004
249 344 717 411 METAMORPHOSEON
741 345 832 412 LIB.
855 346 938 412 XV.
1046 347 1112 413 425

59 517 192 615 Atque
208 519 262 592 ita
277 516 491 604 discedens,
511 516 617 605 AEvo,
635 519 791 606 dixisse,
810 531 989 617 nepotum

60 631 137 707 Hic
156 634 261 709 locus
279 633 382 707 urbis
401 633 491 720 erit;
521 634 781 730 promissaque
799 658 888 708 vera
904 634 1067 709 fuerunt.

61 747 98 820 N
102 773 164 822 am
181 748 253 822 fuit
269 749 446 845 Argolico
464 765 664 845 generatus
683 748 864 822 Alemone
883 751 1036 846 quidam
1065 833 1067 838 ,

60 863 271 962 Myscelos,
291 863 392 937 illius
411 865 480 937 Dis
499 864 783 961 acceptissimus
801 865 882 936 aevi.
1059 869 1108 936 20

59 978 175 1052 Hunc
194 1002 306 1077 super
323 979 544 1054 incumbens
563 1004 734 1076 pressum
752 980 933 1074 gravitate
950 981 1095 1078 soporis

60 1093 239 1191 Claviger
256 1095 479 1193 alloquitur:
502 1104 526 1134 “
539 1095 699 1182 Patrias‚
719 1119 801 1190 ege,
817 1095 949 1168 desere
967 1087 1101 1185 sedes;

59 1207 93 1294 l,
111 1221 201 1307 pete
219 1209 355 1283 diversi
372 1210 560 1307 lapidosas
578 1211 719 1284 AEsaris
738 1211 896 1284 undes.”

60 1321 124 1410 Et,
143 1323 215 1397 nisi
234 1325 410 1422 paruerit,
431 1327 549 1400 multu
565 1349 608 1400 ac
626 1327 828 1400 metuenda
845 1325 1018 1399 minatur.

60 1439 156 1512 Post
171 1463 217 1513 ea
228 1439 429 1514 discedunt
444 1442 582 1539 pariter
595 1466 825 1540 somnusque
841 1443 1040 1538 Deusque:
1052 1444 1102 1513 25

61 1553 194 1651 Surgit
210 1555 464 1644 Alemonides,
484 1557 674 1655 tacitaque
693 1559 858 1633 recentia
875 1569 1000 1631 mente

59 1671 154 1745 Visa
169 1671 294 1760 refert,
313 1684 532 1771 pugnatque
550 1674 614 1748 diu
632 1673 820 1748 sententis
836 1697 978 1748 secum.

61 1785 214 1863 Numen
232 1789 334 1862 abire
347 1792 478 1886 jubet;
508 1791 707 1889 prohibent
723 1790 918 1864 discedere
936 1790 1039 1885 leges
1051 1814 1078 1890 ς,

94 2030 133 2077 18.
151 2029 198 2078 Hie
215 2032 276 2080 unu
292 2033 356 2079 urbis
372 2033 425 2086 erit,
442 2031 486 2080 hoc
503 2030 557 2080 loco
606 2031 744 2080 lactantius
758 2030 783 2079 in
799 2031 860 2095 Arg.
872 2029 935 2078 hunc
955 2028 1003 2078 lnb.
1018 2027 1101 2078 eddit:

57 2102 113 2152 urbs
124 2101 247 2154 condetur.
264 2104 384 2160 Promissa,
395 2103 541 2152 vaticinium.
606 2106 651 2152 “A
665 2103 769 2170 proximo
782 2103 883 2161 tumulo,
895 2101 934 2151 cui
944 2102 1025 2157 lares,
1038 2101 1103 2167 Nep·

89 2177 131 2224 20.
150 2175 261 2240 Myscelos
281 2187 345 2226 recta
366 2168 505 2242 rescriptum
525 2179 555 2226 ab
606 2177 657 2227 tuni
673 2178 744 2234 filim,
760 2177 881 2244 subjectus
897 2185 957 2233 erat,
974 2175 1103 2226 Tarentum

57 2247 172 2297 Heinsio:
207 2263 261 2298 nam
286 2249 415 2314 Dionysius
435 2249 556 2300 Helicarn.
606 2250 762 2300 nominarit.”

57 2320 139 2370 achel.
150 2321 308 2388 Aristophad
320 2323 452 2372 Nouato.
463 2323 555 2380 Strabo,
637 2326 677 2374 22.
701 2325 802 2380 Patriae,
823 2324 987 2389 ogs-AEsoris
1005 2322 1101 2386 unm]

59 2394 197 2454 Μύσειλος,
215 2407 257 2446 aut
278 2396 422 2455 Μύσκελλος
442 2397 555 2447 scribunt.
605 2397 643 2445 Ita
668 2397 772 2445 ordinem
794 2397 916 2445 verborum
942 2411 972 2443 en
992 2395 1103 2443 Palatino

57 2467 129 2532 Argis
139 2478 164 2516 et
173 2469 224 2534 ipse
235 2470 353 2519 habitisse
363 2470 464 2518 videtur.
491 2471 555 2519 Peu-
605 2469 773 2518 restituendum
782 2467 967 2534 primusmonuit
975 2467 1100 2524 Gruterus,

56 2541 136 2590 sanias
154 2558 209 2591 vero
226 2543 284 2593 Lac.
303 2545 349 2609 Ep.
368 2547 391 2593 3.
404 2553 491 2600 narrat,
509 2545 554 2592 Po·
605 2543 750 2608 approbante
765 2540 877 2600 Heinsi03
897 2539 954 2588 olins
971 2538 1101 2587 edebatur:

57 2613 140 2679 lydoro
153 2625 302 2680 regnantes
317 2617 554 2667 heedemoniisco·
606 2616 727 2678 Lapidosss
745 2616 833 2663 AEmris
859 2616 939 2667 andos,
957 2611 979 2668 1,
996 2622 1046 2674 pete
1065 2614 1101 2660 ds·-

55 2689 146 2738 louism
175 2704 227 2740 esse
260 2692 387 2742 deductam
420 2692 554 2741 Crotonem.
604 2692 680 2746 versu
693 2692 791 2751 patrios,
805 2703 856 2752 nge.
868 2689 942 2735 desere
955 2688 1022 2736 sedes.
1056 2686 1100 2732 Di·

56 2761 198 2819 Herodotus,
212 2764 262 2813 viii.
280 2766 321 2813 47.
340 2769 512 2828 Κροτωνιῆται
529 2762 554 2813 dl
603 2766 669 2820 versi,
691 2762 715 2810 in
740 2761 801 2816 aliis,
824 2759 900 2824 iisque
921 2758 1014 2807 mutetis
1036 2758 1103 2807 terris

55 2835 129 2902 γίνος
145 2835 191 2885 elsi
204 2836 310 2902 Ἀχαιοί.
343 2839 437 2887 Ducem
455 2838 552 2887 colonie
603 2837 697 2885 fluentis
704 2854 711 2895 ;
732 2835 758 2885 ii.
775 2836 831 2883 32³.
847 2832 969 2882 Phaethon
986 2831 1102 2897 reperitur

57 2911 174 2975 Myscelus
184 2911 306 2960 nominent
320 2922 345 2962 et
355 2913 409 2973 alii;
427 2912 552 2961 vid.Stra-
602 2914 689 2960 dinem
705 2913 731 2958 s'n
746 2911 805 2957 orbs.
840 2910 908 2957 AEssr
921 2907 981 2956 alias
995 2907 1099 2964 AEssms,

54 2985 94 3042 bo,
104 2984 154 3033 viii.
166 3002 190 3051 p.
201 2987 257 3035 593.
291 2986 361 3035 Illius
371 2987 552 3042 aeui‚hominum
603 2984 719 3050 Αἴσαρος.
734 2990 836 3032 vocatur.
870 2980 1099 3030 FluviusestCala·

53 3059 120 3108 illius
129 3061 184 3108 sevi
206 3060 346 3117 inmusulum,
360 3070 385 3109 ut
396 3061 430 3109 xi.
441 3061 499 3110 657.
522 3061 554 3110 Et
602 3059 667 3116 briss,
685 3059 726 3124 qui
740 3057 841 3107 medinm
859 3056 986 3104 Crotonam
1003 3063 1099 3119 prseter-

54 3132 161 3181 membra
177 3150 251 3182 sorano
269 3138 352 3199 gravia
373 3143 398 3183 et
418 3151 481 3196 sopor
501 3135 551 3199 ipse
602 3132 662 3181 fluit.

51 3210 139 3270 granu,
157 3209 211 3273 quis
234 3206 310 3256 reddit
331 3210 436 3257 membra
462 3208 552 3272 gravia.
634 3206 674 3254 26.
702 3206 856 3262 Alemoniden
889 3201 1019 3266 Myscelus,
1041 3201 1098 3251 Ale·

55 3281 173 3331 Gravitati
188 3282 392 3331 accommodatum
406 3291 442 3330 est
453 3283 481 3331 rb
487 3298 551 3344 pres-
602 3278 676 3326 monis
690 3277 760 3325 lilius.
796 3277 847 3324 Visa
861 3275 950 3340 rql'srli
968 3275 1098 3325 secundum

53 3373 111 3411 suns,
127 3372 169 3421 pro
184 3372 231 3420 quo
247 3373 308 3404 unns
324 3357 449 3404 Methceus
464 3364 488 3404 et
503 3372 551 3404 sec.
601 3352 705 3416 quietern
717 3351 767 3399 visa
777 3366 858 3398 secum
869 3349 969 3397 volutet.
991 3349 1098 3398 Verbum

55 3428 226 3478 Ambrosianus
242 3447 348 3478 mersum.
383 3430 489 3495 claviger
510 3438 553 3477 sut
601 3428 688 3491 rq'em
698 3425 732 3474 sic
743 3425 799 3474 alibi
816 3441 910 3490 quoque
924 3434 1022 3489 usurpet
1033 3424 1097 3473 Nos-

52 3506 193 3569 clavigerum
209 3520 301 3559 mamm,
318 3519 360 3568 pro
377 3503 489 3557 Hercule,
509 3503 551 3552 ob·
601 3510 644 3557 ter,
656 3516 697 3567 pro
711 3498 847 3564 recogitare,
857 3497 1000 3563 cogitatione
1011 3508 1034 3549 et
1047 3499 1098 3548 ani·

53 3577 118 3625 vium
145 3576 209 3642 apud
240 3585 333 3641 poetas.
366 3577 438 3641 Apud
470 3577 551 3625 Schol.
601 3591 639 3623 mo
657 3583 770 3638 repetere,
786 3589 866 3622 secum
888 3573 999 3623 recolere.
1042 3574 1098 3623 Ssu-

53 3650 227 3716 Aristophanis,
238 3651 269 3699 ad
284 3651 349 3698 Nuh.
363 3651 419 3698 ³70.
433 3651 551 3716 Myscelus
601 3653 673 3696 tentio
698 3657 787 3713 pugnat
809 3664 881 3696 secum
902 3663 952 3713 pro,
976 3648 1098 3712 Myscelus

53 3723 149 3773 oraculo
162 3725 260 3789 jubetur
276 3726 357 3773 urbem
377 3724 485 3779 condere,
503 3741 551 3789 quo
600 3720 723 3771 sententiis
739 3721 788 3770 suis
803 3731 894 3786 pugnet
910 3738 1000 3778 secum,
1022 3722 1098 3770 varius

54 3798 106 3846 loco
115 3798 194 3862 ipsum
208 3798 285 3846 imber
295 3801 357 3848 coelo
371 3814 453 3846 sereno
468 3797 551 3864 depre·
601 3796 672 3845 habet
681 3796 817 3844 sententies.
852 3800 943 3844 Amuut
952 3805 1042 3843 veteres
1053 3795 1097 3843 hoc

53 3869 171 3920 henderit.
195 3871 264 3919 Idem
275 3872 395 3920 oraculum
406 3871 436 3920 de
447 3872 550 3920 Phalan-
600 3872 711 3937 loquendi
722 3888 809 3935 genus:
822 3873 893 3937 plane
902 3870 935 3918 sic
947 3869 1066 3925 Horatius,
1075 3869 1097 3918 Ι.

51 3944 102 4000 tho,
119 3943 215 3992 Terenti
231 3944 360 4003 conditore,
377 3945 445 3993 refert
461 3944 550 3994 Pausa·
601 3945 675 4012 Epist.
692 3946 709 3992 i.
728 3946 769 3993 97.
787 3945 840 3993 Meo
855 3961 924 4007 quum
938 3952 1028 4008 pugnat
1044 3959 1095 3990 ses·

53 4018 113 4074 nias,
125 4017 200 4066 Phoc.
214 4033 240 4083 p.
252 4019 308 4067 822.
342 4018 458 4067 Videntur
471 4026 552 4067 autem
601 4024 673 4067 tentio
683 4035 773 4077 seeum,-
791 4019 852 4066 inira
869 4032 916 4065 ver.
927 4016 983 4064 648.
995 4015 1097 4065 Dissidet

52 4092 136 4140 harum
153 4091 254 4140 duarum
270 4092 364 4141 urbium
379 4091 480 4156 origines
496 4106 551 4140 con·
602 4103 624 4142 et
635 4096 837 4141 osrictsmentiu.
872 4091 1000 4146 Discedere,
1010 4105 1096 4157 nempe

52 4167 113 4216 tussa
127 4181 178 4215 esse
194 4168 349 4217 arcteribus.
382 4166 467 4232 ltaque
480 4166 552 4216 etiam
602 4183 656 4217 cum
666 4166 767 4214 colonia.

87 4240 222 4290 VOLlV.
322 4271 325 4279 ·
697 4237 737 4286 ³1
