2774 5004
177 340 242 407 tae

368 390 371 397 ,
462 337 509 402 .Ρ.
533 335 695 403 ovum
719 335 933 403 NASONIS

228 513 282 587 ΙΙ.
303 512 391 586 Non
403 510 557 608 impunc
574 521 701 584 tamen
717 512 844 584 scelus
856 511 930 584 hoc
945 511 1038 584 cinit
1050 532 1138 586 esse
1154 511 1215 610 Ly·

177 631 403 725 Amissoque
421 628 553 701 dolens
572 650 763 700 sacrorum
780 637 866 702 vate
882 651 1052 713 suorum,
1107 631 1213 725 [teus3

176 744 352 817 Protinus
370 744 407 815 in
425 742 528 815 silvis
547 753 684 816 matres
703 741 897 816 Edonidas
914 767 1063 831 omnes,

177 860 272 944 Quae
290 859 413 934 fecere
430 858 549 944 nesae,
568 871 668 932 torta
687 861 813 934 radice
831 860 973 955 ligavit.

1140 863 1215 957 [est

176 974 328 1073 Quippe
341 975 481 1072 pedum
495 974 647 1071 digitur,
662 976 701 1047 in
716 987 899 1072 quantum
914 999 1084 1072 quaeque
1096 986 1216 1050 secuta

175 1091 328 1178 Traxit3
358 1101 398 1165 et
415 1089 453 1163 in
471 1092 630 1164 solidam
647 1092 809 1166 detrusit
826 1092 1001 1166 acumine
1018 1103 1180 1166 terram:

178 1207 308 1305 thue
323 1231 433 1281 suurn
446 1208 606 1304 laqnein,
621 1233 718 1306 quos
733 1211 892 1282 callidus
905 1207 1057 1282 abdidit
1071 1232 1214 1307 anceps,
1258 1246 1261 1327 Ξ

206 1381 312 1429 67-84.
323 1379 418 1429 Bacche
426 1395 480 1444 qua
490 1380 612 1444 Orpheum
623 1379 671 1429 dis·

172 1463 317 1520 cerpserent,
328 1461 449 1503 mutantur
459 1453 484 1502 in
494 1454 599 1503 arbores.

721 1382 768 1447 plis
788 1380 885 1437 Velleii,
908 1379 971 1446 apud
999 1395 1074 1445 quem
1104 1378 1216 1445 aliquoties

720 1455 780 1505 illud
805 1454 915 1511 occurrit,
933 1469 1079 1519 quanquam
1107 1470 1157 1504 non
1177 1468 1215 1503 uso

206 1529 247 1576 68.
271 1528 393 1576 Sacrorum
418 1536 470 1576 onte
494 1543 595 1584 trimum,
616 1526 672 1591 quia
721 1546 798 1579 sensu.
833 1528 881 1577 Sed
898 1537 953 1577 unte
971 1528 1091 1578 Ovidium
1110 1529 1215 1578 neminen

175 1601 250 1665 Orgia
258 1600 394 1649 instituerat
404 1607 428 1648 et
437 1599 543 1648 versibus
552 1600 599 1649 suis
607 1616 672 1648 com-

721 1602 755 1651 ita
765 1604 871 1652 locutum
884 1619 943 1659 esse,
955 1611 1010 1667 post
1026 1602 1089 1650 ulios
1105 1600 1216 1652 contendit

174 1675 335 1723 mondaverat.
355 1674 438 1728 Edoni,
448 1673 557 1721 Thracio
568 1674 672 1738 populus
720 1676 881 1730 Scliirachius,
890 1676 969 1724 confer
980 1676 1014 1724 iv.
1023 1677 1090 1735 542;
1109 1684 1160 1725 tum
1170 1675 1215 1725 inde

171 1747 207 1796 sic
217 1748 296 1796 dictus
306 1748 336 1795 ab
345 1747 435 1803 Edono,
445 1746 575 1810 Mygdonis
586 1746 668 1794 fratre:

173 1822 228 1870 vide
238 1822 393 1886 Stephanum.
401 1821 521 1876 Horatius,
531 1821 565 1868 ΙΙ.
575 1821 622 1869 Od.
630 1821 670 1868 vii.

173 1895 214 1944 26.
226 1913 271 1943 nort
288 1913 328 1960 rgo
343 1899 421 1943 sanius
438 1896 560 1942 bacchabor
577 1895 670 1943 Heloria

175 1970 251 2018 Edoni
264 1969 336 2017 etiam
350 1977 443 2017 montes
453 1968 569 2024 Thracia,
580 1968 604 2017 in
618 1970 670 2033 qui-

172 2041 670 2106 bnsBacehiorgiaprrecipuecelebraban-

173 2124 226 2172 turr
242 2116 316 2165 Trist.
326 2115 360 2164 iv.
375 2117 401 2163 l:
418 2115 474 2164 hinc
492 2116 603 2164 Bacchus
618 2118 670 2181 ipse

175 2192 267 2239 Εὼηυι
277 2191 301 2238 in
311 2189 413 2238 Remed.
423 2189 470 2238 593
480 2209 485 2237 :
498 2189 553 2238 vide
565 2189 670 2238 Bentlei·

172 2280 212 2313 nm
233 2263 265 2312 ad
286 2262 419 2319 Horatium,
439 2263 489 2311 111.
508 2263 556 2311 Od.
574 2280 628 2311 xxv.
646 2266 670 2311 8.

173 2338 277 2403 Ligaoit,
293 2336 402 2392 firmavit,
415 2344 441 2385 nt
458 2337 574 2385 haererent
590 2336 669 2385 radice

171 2411 251 2479 pedes.
287 2411 373 2470 Torta,·
385 2428 409 2459 x.
417 2413 474 2460 490.
486 2413 574 2475 obliqua
586 2415 668 2469 rudirr

171 2502 225 2536 mox
241 2489 313 2536 lenta.
583 2484 585 2491 ’

202 2563 242 2610 71.
255 2562 344 2624 Quippe
349 2563 430 2622 pedum
437 2561 527 2625 digitos,
536 2560 595 2622 etc]
607 2561 668 2608 Nee-

169 2635 249 2686 ciebat
255 2636 390 2686 Glareanus
400 2643 479 2683 utrum
487 2637 558 2681 traxit
568 2633 598 2682 de
607 2635 668 2683 Bac-

170 2711 215 2759 cho
226 2709 376 2775 capiendum,
388 2723 418 2756 an
430 2706 460 2756 de
474 2707 573 2771 singulis
584 2707 668 2755 mulie·

170 2783 241 2832 ribus.
275 2784 372 2831 Fatetur
386 2781 468 2836 etiarn,
480 2797 505 2829 se
519 2796 566 2828 nou
579 2780 667 2829 intelli·

169 2874 224 2921 gere
236 2858 315 2914 verba,
327 2858 352 2903 in
363 2866 474 2918 quantum
486 2872 576 2917 quaque
590 2865 667 2903 semita

721 1766 791 1798 aver.
799 1751 855 1798 550.
866 1747 954 1796 similia
965 1748 1002 1797 liis
1013 1749 1103 1798 nostris
1113 1749 1215 1814 phantas-

720 1831 785 1871 mata
795 1832 935 1887 sequuntur.

751 1898 792 1946 7³.
805 1897 952 1959 thrreruum
959 1896 1127 1960 inquinate]
1143 1896 1215 1954 Quum

719 1973 805 2036 saepius
822 1971 910 2019 Noster
926 1969 1071 2018 mutationes
1089 1971 1115 2018 in
1133 1971 1217 2018 arbores

719 2043 890 2110 descripsisset,
907 2043 946 2091 oie
963 2042 1085 2092 exhausta
1104 2043 1177 2092 fuisse
1186 2041 1216 2089 ri·

719 2118 789 2167 detur
799 2118 888 2182 ingenii
899 2117 975 2182 copia.
993 2117 1063 2165 Bene
1074 2117 1150 2182 igitar
1160 2117 1216 2172 latit,

720 2192 785 2256 quod
793 2190 971 2239 similitudinem
981 2191 1083 2255 aspersit
1092 2210 1099 2249 ;
1111 2206 1162 2256 qua
1167 2190 1216 2240 snb·

719 2265 770 2314 lata
780 2282 827 2314 non
838 2266 938 2314 multum
950 2264 1170 2314 commendationis
1178 2265 1216 2313 lta·

719 2338 760 2386 bet
771 2339 823 2388 lucc
835 2339 924 2387 tabula.
943 2339 1060 2394 Callidus,
1071 2338 1133 2402 quia
1143 2341 1218 2387 abditis

719 2412 811 2477 laqueis
822 2429 878 2462 aves
890 2412 959 2468 fauit,
968 2412 1069 2478 decipit,
1077 2423 1128 2462 etc.
1136 2412 1217 2479 quibas

718 2486 767 2535 iere
775 2487 853 2535 verbis
862 2495 960 2534 utuntur
967 2494 1044 2550 poete
1055 2487 1086 2535 de
1097 2501 1190 2553 aucupe
1197 2495 1217 2536 et

718 2559 843 2623 piscatore.
877 2561 1021 2607 committere
1037 2575 1104 2608 nune
1121 2560 1153 2609 de
1167 2577 1216 2616 are,

718 2648 771 2697 quta
789 2633 926 2700 imprudens
942 2640 967 2681 et
985 2632 1064 2683 inscia
1078 2634 1104 2682 in
1124 2635 1216 2699 laqueos

717 2707 809 2755 incidit.
843 2708 968 2769 Trepidam
988 2717 1061 2756 motu.
1096 2708 1216 2757 Barberin.

717 2784 832 2842 trepidus:
849 2797 919 2846 supra
936 2780 968 2828 ad
984 2779 1019 2829 iii.
1033 2783 1090 2830 12⁶.
1108 2782 1217 2831 Heinsius

716 2863 839 2902 monuerat
849 2854 998 2903 scribendum
1010 2859 1100 2918 trepida
1108 2860 1216 2905 nilamn-

168 2941 208 2980 est.
241 2932 327 2994 Neque
338 2930 436 2978 Sadlius
449 2930 532 2977 horum
544 2930 666 2977 verborum
714 2932 752 2993 git
768 2930 862 2977 uincula
878 2939 955 2986 ηοω,-
974 2929 1010 2976 sic
1025 2932 1154 2979 solariete
1171 2934 1217 2987 itia,

167 3020 263 3054 sensum
283 3014 405 3052 assecutus
425 3013 473 3058 est3
494 3001 565 3050 vertit
586 3003 664 3050 enim:
716 3005 836 3050 substricta
848 3019 919 3051 crura
930 3004 985 3050 alut
996 3003 1120 3067 leguntur.
1151 3005 1215 3053 ldenr

168 3079 204 3127 Er
211 3081 366 3143 vermeugerte
375 3080 411 3125 die
421 3077 509 3124 Zoeien
517 3077 578 3124 ihrer
588 3076 665 3133 Flore,
716 3076 831 3124 hocloco
851 3077 947 3142 conjicit
969 3079 1088 3138 trepidans
1108 3081 1217 3142 astringit

168 3157 241 3202 uomit
252 3156 301 3201 eine
304 3155 361 3214 jede
371 3153 417 3199 ihm
429 3151 517 3215 gesolgt
530 3167 586 3197 war.
619 3151 664 3198 Po·
715 3153 808 3199 uincula
829 3162 911 3207 motio,
930 3159 971 3199 aut
993 3153 1126 3211 trepidante
1149 3165 1216 3201 metu.

166 3236 214 3276 test
241 3235 320 3275 tamen
346 3241 430 3275 sensus
457 3223 526 3272 lacile
553 3223 665 3288 expediri.
715 3225 944 3275 Cantabr.et.lunii
958 3229 1044 3274 vimina
1061 3241 1105 3306 pro
1122 3229 1215 3275 macula

168 3301 261 3365 Nempe
272 3299 313 3363 qui
322 3299 433 3348 mulieres
440 3297 495 3345 illas
504 3301 594 3362 ligauit,
602 3296 665 3345 idern
714 3296 811 3354 habent,
819 3315 871 3362 quae
882 3300 1032 3347 Burmannus
1041 3298 1072 3346 de
1081 3299 1178 3363 laqueis
1188 3317 1214 3348 er

167 3373 240 3422 etiam
250 3388 330 3420 earum
341 3372 427 3435 digitos
435 3375 505 3420 traxit
514 3381 537 3420 et
545 3372 570 3419 in
579 3379 663 3420 terram
714 3372 802 3420 vimine
813 3371 882 3420 lactis
893 3372 1034 3437 accipiebat.
1056 3373 1130 3430 Quod
1143 3375 1214 3422 Hcin·

165 3444 280 3503 detrusit3
299 3448 379 3508 quippe
391 3445 453 3493 enirn
471 3446 542 3494 habet
559 3446 605 3492 vim
622 3460 663 3493 ex·
713 3445 763 3494 sius
781 3448 921 3511 conjecerat,
940 3449 1069 3509 trepidante
1087 3458 1152 3495 motu
1171 3464 1215 3496 nou

166 3518 281 3586 plicandi.
316 3518 401 3582 Neque
414 3521 503 3567 trahere
514 3519 552 3565 hic
567 3528 602 3565 est
613 3518 663 3565 lon·
714 3536 807 3584 prorsus
824 3521 942 3585 improbo:
968 3524 1084 3581 trepidans
1101 3533 1175 3570 motas
1191 3530 1215 3570 ut

165 3594 242 3657 giores
259 3590 364 3647 reddere,
380 3608 515 3657 quanquam
532 3591 557 3639 id
575 3591 664 3639 lactum
715 3593 732 3640 i.
749 3597 805 3643 506.
821 3605 846 3643 et
869 3612 890 3642 v.
908 3597 966 3643 605.
989 3597 1110 3657 trepidam
1129 3612 1213 3659 pennu

116 3658 121 3664 ’
165 3681 217 3715 esee
229 3681 243 3713 a
254 3665 351 3714 Baccho
361 3682 398 3713 ree
408 3666 460 3730 ipsa
476 3665 561 3724 docet;
578 3663 617 3711 scd
630 3665 665 3712 vis
715 3666 785 3730 Regii
801 3668 872 3715 nostri
891 3668 980 3716 habent
994 3671 1112 3730 trepidans
1130 3674 1215 3718 astrin-

164 3740 243 3806 potius
267 3740 338 3805 hujus
360 3739 425 3789 vocis
452 3739 594 3793 declaratur,
617 3754 664 3801 qua
713 3742 748 3804 git
761 3743 933 3791 uinculamotn.
955 3741 1214 3807 Plangitur,verlserat

166 3814 276 3863 Bacchus
293 3815 366 3879 pedes
383 3813 477 3863 retinuit
494 3822 518 3861 et
536 3811 560 3859 in
578 3821 662 3860 terram
712 3815 801 3862 realis.
834 3815 951 3864 Calenam
966 3815 1089 3864 commode
1103 3817 1215 3865 Heinsius

164 3888 279 3938 detrusit:
303 3892 328 3937 iu
352 3898 464 3951 partum
489 3885 593 3950 denique
618 3894 662 3943 est,
713 3886 796 3935 laudat
811 3889 926 3937 Senecam
945 3887 976 3936 de
995 3887 1043 3945 Ira,
1061 3889 1097 3938 iii.
1111 3890 1157 3938 16:
1176 3890 1213 3937 Sic

163 3974 291 4027 quatenus.
309 3964 433 4025 Quotquot
444 3967 532 4008 secuta
544 3970 609 4014 sunt,
621 3975 662 4008 eas
713 3962 801 4024 laquem
808 3961 876 4026 fera,
891 3966 946 4010 elam
955 3965 1214 4027 jactat,artriogit,rie

164 4051 245 4085 ornnes
256 4034 366 4084 mutavit.
401 4032 662 4082 Auctoritatem‘rofrin
710 4039 1213 4097 aoesuircam.damirepidaeterercutiuet,

164 4123 284 4172 plantum,
307 4124 378 4174 quarn
407 4107 463 4156 olim
490 4107 661 4173 impugnabunt
710 4110 796 4171 plumis
805 4112 907 4158 omnious
917 4111 1025 4158 illinunt.

164 4183 328 4242 Grammatici,
336 4191 415 4233 tuetur
423 4182 574 4232 Burmannus
582 4197 661 4231 esem·
