2774 5004
164 326 230 394 268
459 326 498 391 P.
522 322 684 393 ovlolt
707 321 920 391 NASONIS

170 490 256 584 Qua
273 509 399 574 tamen
416 499 513 572 ictus
531 508 624 584 erat,
635 497 826 593 signatum
844 494 1027 592 sanguiue
1041 492 1203 591 Cycnum

168 614 337 701 Viderat,
357 624 397 689 et
413 615 551 688 frustra
567 615 688 689 fuerat
704 613 854 711 gavisus
872 610 1066 685 Achilles:
1147 613 1204 683 126

169 728 317 803 Vulnus
335 740 415 803 erat
432 730 599 817 nullum;
629 729 782 826 sanguis
800 737 881 802 erat
897 727 962 800 ille
982 724 1171 798 Meuoette.

170 843 268 917 Tum
286 869 373 920 vero
393 868 575 942 praeceps,
594 868 704 917 curru
722 843 994 919 fremebundus
1014 841 1065 914 ab
1084 841 1167 929 alto,

173 959 322 1046 Desilit,
341 970 380 1035 et
398 959 517 1032 nitido
529 982 705 1033 securum
722 959 891 1032 cominus
909 959 1063 1030 hostem

173 1074 275 1147 Ense
290 1086 435 1172 petens,
445 1097 614 1172 parmam
624 1075 763 1170 gladio,
775 1074 1000 1169 galeamque
1010 1071 1136 1145 cavari
1153 1074 1209 1142 130

173 1189 317 1274 Cernit,
328 1199 375 1264 ¹et
393 1189 430 1262 iu
448 1190 541 1262 duro
557 1188 642 1261 laedi
658 1212 811 1285 quoque
828 1210 984 1284 corpore
1001 1184 1153 1259 ferrum.

173 1302 285 1379 Haud
304 1305 392 1377 tulit
410 1303 589 1389 ulterius;
611 1304 830 1400 clypeoque
848 1301 1007 1374 adversa
1023 1301 1177 1375 reducto

172 1417 258 1504 Ter,
278 1428 413 1515 quater
430 1441 496 1491 ora
513 1417 593 1504 viri,
613 1417 749 1514 capulo
767 1440 859 1490 cava
884 1427 1060 1514 tempora
1076 1417 1208 1513 pulsat;
1253 1488 1255 1493 .

174 1533 415 1632 Cedeutique
433 1558 597 1631 sequeus
615 1534 742 1618 instat,
762 1533 980 1629 turbatque,
1001 1532 1165 1630 ruitque,
1252 1528 1255 1553 '

175 1648 424 1748 Attonitoque
443 1660 557 1746 negat
575 1649 761 1746 requiem:
782 1670 896 1744 pavor
913 1647 1203 1745 occupatillurn,

173 1766 275 1838 Anto
293 1766 500 1862 oculosque
519 1775 651 1839 natant
667 1763 844 1847 tenebrae,
863 1772 1041 1859 retroque
1059 1760 1186 1836 serenti

178 1878 340 1953 Aversos
356 1905 502 1978 passus,
521 1880 646 1954 medio
663 1879 758 1977 lapis
772 1878 918 1952 obstitit
936 1901 1036 1952 arvo.

179 1993 302 2077 Quem
320 2019 433 2091 super
451 1996 653 2092 impulsum
671 1993 848 2091 resupino
862 2003 1016 2090 pectore
1035 1992 1202 2093 Cycnum

177 2107 225 2179 Vi
244 2108 362 2182 multa
378 2109 501 2194 vertit,
518 2119 702 2206 terraeque
721 2107 852 2181 afflixit
869 2105 1051 2181 Achilleo.
1156 2109 1214 2180 139

177 2221 287 2310 Tum,
300 2222 435 2322 clypeo
450 2225 686 2320 genibusque
700 2248 876 2322 premens
889 2223 1101 2322 praecordia
1110 2222 1214 2308 duris,

179 2336 313 2413 Vincla
327 2339 442 2413 trahit
459 2341 597 2437 galeae3
619 2364 712 2437 ‚quae
731 2365 862 2439 presso
876 2339 1031 2414 subdita
1046 2351 1174 2416 mento

222 2612 277 2660 126.
325 2612 539 2680 Viderat-guum
565 2615 675 2678 surra]
729 2616 786 2664 ΕΠ.
804 2614 837 2664 ix.
849 2616 905 2663 423.
922 2614 1024 2662 inmr.
1042 2613 1102 2663 loct.
1119 2613 1220 2662 tudem

181 2684 313 2749 Plusquam
332 2687 438 2750 perlecta
456 2705 510 2738 cum
528 2687 617 2737 dilectu
636 2703 677 2754 po·
727 2705 769 2753 pro
786 2690 899 2737 cedentem
916 2686 983 2736 dedit
1000 2687 1132 2748 Heinsius;
1156 2701 1219 2752 quan

180 2758 233 2806 sita.
729 2760 783 2809 vide
799 2760 831 2809 sd
849 2759 1018 2816 Claudianum,
1034 2758 1059 2809 iu
1078 2760 1140 2809 Rus.
1156 2760 1172 2808 i.
1184 2761 1220 2808 36.

216 2834 271 2881 128.
291 2833 401 2896 Princeps,
407 2833 523 2891 celeriter,
534 2834 629 2899 rapide,
645 2834 680 2882 iii.
730 2835 821 2883 Instare
835 2835 933 2883 verbum
950 2833 1063 2891 militare,
1077 2835 1143 2900 quod
1157 2848 1221 2899 oppc

181 2907 239 2955 694.
249 2909 385 2968 precipitem
400 2924 490 2968 rupere.
525 2908 597 2964 Ludi,
607 2908 680 2955 hebe·
730 2907 794 2956 nitur
805 2910 842 2972 τῷ
852 2910 938 2957 cadere.

182 2979 226 3028 tari
244 2990 286 3027 aut
300 2994 382 3029 crenus
397 2980 493 3030 ducere.
529 2982 560 3029 Et
571 2986 597 3030 ιἰι
613 2985 680 3038 duro,
767 2982 821 3030 1³6.
840 2984 899 3030 Ante
916 2984 991 3030 oculos
1008 2991 1096 3030 nutcnt
1115 2979 1222 3042 ruore]

182 3053 306 3118 etepaulo
316 3055 589 3120 obscuriuserpressum.
606 3055 681 3104 Arma
730 3055 803 3120 Apud
814 3056 943 3104 Homerum
957 3054 1092 3120 simplicius
1108 3071 1155 3104 nox
1172 3054 1224 3119 tegit

181 3126 278 3192 quidem
289 3127 417 3176 adversarii
426 3127 513 3177 ledere
522 3130 584 3178 ensis
595 3129 679 3194 potuit,
730 3132 812 3180 oculos
828 3129 984 3179 morientium.
1019 3130 1073 3178 Hoc
1089 3131 1224 3178 esornluunt

181 3203 222 3250 sed
234 3217 280 3250 nou
290 3203 376 3268 ipsum.
409 3202 568 3252 Icuziilrater
578 3203 681 3267 corrigit,
730 3203 809 3251 latini
826 3211 912 3268 poeto,
926 3213 1050 3268 preeunte
1065 3203 1186 3259 Lucretio,
1196 3201 1225 3249 iii.

182 3280 316 3324 otinduro.
350 3278 486 3327 Nonmale.
730 3279 792 3327 479.-
810 3287 893 3326 nutant
907 3288 1001 3342 propter
1011 3277 1170 3327 fluctuantem
1179 3292 1223 3326 mo·

217 3350 271 3397 132.
301 3350 531 3415 Clypea-reducta]
562 3351 680 3418 Clypeum
730 3361 796 3412 tum;
813 3368 884 3417 supra
894 3368 917 3400 v.
928 3351 1023 3416 tuipsi
1037 3355 1101 3401 oculi
1114 3355 1156 3400 sub
1168 3360 1226 3412 iuoetr

187 3421 317 3470 identidem
336 3425 445 3489 impingit
462 3425 486 3474 iu
502 3426 578 3489 Cycni
597 3443 624 3474 os
641 3425 682 3475 ad·
732 3436 824 3482 nutant,
835 3435 863 3474 ut
873 3424 936 3491 apud
949 3425 1087 3488 Virgilium,
1098 3426 1224 3492 Georg.ir.

184 3510 286 3550 versum,
298 3504 386 3559 etpost
397 3498 501 3561 singulos
515 3498 578 3546 ictus
592 3498 684 3548 reducit
733 3500 789 3548 496.
796 3502 1029 3561 mditqueuutontio
1036 3501 1225 3554 luminemus

185 3567 215 3615 ad
232 3583 266 3622 se,
277 3567 395 3632 simulque
409 3571 495 3634 capulo
510 3571 579 3617 suevit
593 3571 617 3619 in
632 3573 684 3635 ejus
732 3572 812 3629 Silius,
820 3572 845 3621 ii.
853 3575 906 3620 122.
913 3589 1030 3635 paruoque
1038 3575 1117 3622 ocula
1119 3578 1173 3636 jars
1182 3575 1227 3620 lucr

183 3650 297 3704 tempora.
331 3641 369 3688 Ita
383 3652 447 3690 recte
462 3643 541 3691 locum
555 3643 683 3694 restituisse
733 3657 848 3695 natantes.
881 3646 929 3695 Sed
949 3662 1013 3695 nuuc
1035 3649 1153 3704 tenebra,
1173 3660 1228 3712 ques

184 3715 283 3763 arbitror
299 3714 432 3764 Heinsium.
467 3716 531 3764 Prior
548 3717 611 3766 enim
628 3734 681 3767 sen-
731 3736 804 3785 pavor
814 3721 905 3785 objicit.

183 3787 259 3836 tentis
268 3788 328 3836 bene
340 3789 450 3837 convenit
461 3790 555 3853 ingenio
566 3791 679 3849 Nasonis,
766 3796 819 3844 141.
839 3796 928 3851 Vincta,
939 3795 1021 3858 ὀχεὺς,
1032 3794 1125 3859 lorum,
1134 3810 1179 3860 quo
1188 3796 1226 3857 gl·

183 3861 224 3926 qui
232 3862 291 3910 solet
301 3860 335 3910 iu
345 3863 474 3927 exprimere
483 3873 563 3927 gestus
573 3881 680 3928 pugneo·
732 3869 770 3917 lea
780 3868 898 3932 ligabatur
909 3869 952 3916 sub
965 3878 1054 3916 mento.
1090 3869 1152 3918 Haec
1163 3869 1227 3921 rati,

183 3936 243 3984 tium
262 3935 399 4000 (Virgilius,
413 3937 507 3985 AEneicl.
519 3936 552 3986 xi.
564 3939 619 3987 605.
630 3940 680 3987 biis-
731 3942 858 4007 constringi
873 3942 990 3991 interdum
1005 3941 1099 3991 solebat
1115 3959 1131 3992 e
1141 3941 1226 3992 victori·

184 4022 261 4073 torque
275 4013 376 4059 reductis
388 4011 538 4060 Proteuduut
553 4015 617 4076 longe
627 4017 679 4061 ‹ler-
731 4016 786 4075 bus;
805 4018 930 4072 Homerus,
947 4017 978 4064 Il.
994 4022 1022 4066 1¹.
1040 4017 1098 4064 ³71.
1134 4018 1225 4065 Etidost

184 4084 247 4147 triu)
267 4084 329 4134 sicut
349 4083 462 4150 posterior
479 4085 550 4134 lurori
571 4086 682 4137 Achillis.
730 4093 873 4153 -eripium.
895 4090 1008 4140 Heinsius
1019 4091 1058 4140 vel
1069 4091 1152 4140 invitis
1162 4089 1225 4139 Mffl·

185 4157 224 4206 Dc
241 4160 312 4208 verbo
330 4162 437 4209 reducere
454 4160 502 4211 vid.
519 4160 628 4224 Heyuiue
648 4162 680 4211 ed
729 4163 880 4214 scribendum
897 4173 980 4214 censet
996 4166 1223 4228 itidem-eripient·
