2774 5004
144 320 210 416 usp
435 308 895 383 comministrum

148 492 343 589 Poenaque
360 512 460 563 mors
480 485 605 585 posita
621 496 681 559 est
701 483 864 587 patriam
878 493 1025 557 mutare
1043 483 1192 557 volenti.

151 605 347 683 Candidus
361 603 515 679 Oceano
529 600 689 701 nitidum
706 610 821 698 caput
837 596 1037 673 abdiderat
1054 598 1137 684 Sol,
1150 605 1194 672 30

151 720 202 795 Et
218 731 334 825 caput
350 717 539 823 extulerat
555 715 782 790 densissima
798 714 986 817 sidereum
1005 738 1103 797 nox:

150 835 264 910 Visus
283 833 417 908 adesse
436 832 536 909 idem
555 831 661 909 Deus
680 842 750 919 est,
769 829 978 929 eademque
997 853 1172 919 monere3

152 950 214 1041 Et,
234 950 305 1049 nisi
323 949 501 1049 paruerit,
519 947 634 1046 plura.
645 957 684 1020 et
701 945 868 1049 graviora
884 944 1032 1021 minari.

151 1064 366 1152 Pertimuit,
386 1063 624 1163 patriumque
642 1062 754 1137 simul
770 1060 969 1165 transferre
986 1060 1196 1161 parabat‘dl

59 1254 65 1261 .
152 1181 198 1254 ln
212 1181 323 1256 sedes
340 1178 530 1278 penetrale
545 1202 681 1266 novas;
698 1177 743 1252 fit
755 1201 920 1264 murmur
935 1176 1096 1263 inurbe,
1127 1178 1198 1272 [est

153 1297 451 1395 spretarumque
478 1294 601 1392 agitur
623 1295 749 1392 legum
770 1317 872 1367 reus:
904 1303 1026 1391 utque
1048 1303 1199 1391 peracta

154 1412 283 1487 Causa
300 1410 412 1510 prior,
424 1411 644 1511 crimenque
658 1420 765 1509 patet
776 1409 858 1509 sine
870 1418 966 1483 teste
983 1406 1196 1506 probatum,

153 1527 359 1628 Squalidus
377 1527 425 1601 ad
445 1512 615 1626 Superos.
629 1527 764 1629 tollens
781 1550 867 1600 reus
884 1547 951 1599 ora
967 1546 1196 1623 manusque;

155 1643 229 1714 “O
249 1642 308 1716 cui
323 1643 388 1740 jus
406 1644 491 1741 cosli
509 1643 568 1718 bis
586 1667 654 1717 sex
672 1643 795 1718 fecere
812 1642 972 1735 labores,
1016 1639 1199 1736 [auctor.”

154 1757 227 1832 Fer
238 1742 405 1857 precor,''
422 1758 556 1857 inquit,
573 1768 596 1796 “
610 1782 742 1857 opem:
773 1765 913 1839 namtu
924 1754 1198 1831 mihicriminis

88 1942 91 1947 ,
152 1872 239 1946 Mos
258 1886 339 1947 erat
356 1874 547 1971 antiquus,
567 1873 684 1948 niveis
703 1873 869 1968 atrisque
887 1869 1042 1968 lapillis,
1153 1874 1192 1942 41

153 1985 224 2062 llis
243 1988 421 2063 damnare
439 2014 535 2076 reos,
556 1990 629 2064 illis
648 1989 840 2064 absolvere
858 1988 993 2084 culpae.

183 2216 224 2265 ³0.
243 2216 461 2280 Caudidrrnpuro
472 2217 554 2267 nitore.
589 2219 650 2268 Ceu·
700 2218 781 2268 tentia
808 2217 952 2275 ferebantur,
973 2233 1029 2282 qun
1050 2214 1106 2266 'erat
1131 2230 1197 2266 muts

151 2293 206 2341 dide
218 2292 309 2339 Aurora
320 2291 441 2347 Tibullus,
456 2291 477 2338 1.
489 2291 523 2341 iii.
535 2293 567 2342 94
577 2310 584 2352 ;
602 2293 651 2342 Lu·
701 2290 820 2358 posterior.
841 2290 938 2355 &mur
949 2299 975 2340 et
984 2290 1060 2340 sordes
1070 2290 1198 2340 tribunatu!

150 2364 209 2431 effer
225 2364 290 2413 albus
302 2363 363 2414 inira
379 2380 426 2414 ver.
446 2364 500 2413 189.
535 2365 652 2416 Praeclare
701 2363 755 2421 reis,
766 2363 911 2429 lugentibus,
921 2362 1125 2432 supplicantibus.

151 2438 216 2489 nocti
235 2449 305 2503 capiet
322 2441 442 2497 sidereum,
462 2438 538 2488 stellis
554 2439 653 2490 distinc-
733 2438 773 2488 39.
785 2437 974 2502 Quousque]
988 2437 1197 2496 Quemduodecim

152 2514 213 2575 tum',
228 2512 346 2569 tribuitur,
361 2510 433 2578 idque
444 2511 520 2578 effert,
532 2529 606 2578 quum
616 2512 652 2562 in·
701 2513 793 2562 labores
813 2510 912 2578 dignum
927 2511 1068 2578 probbsunt,
1084 2512 1126 2577 qui
1145 2511 1198 2561 reci·

152 2582 232 2652 gmit3
249 2585 370 2644 Horatius,
381 2585 457 2652 Epod.
465 2584 489 2635 ii.
501 2586 538 2635 17.
549 2590 653 2637 &serum
702 2594 796 2652 peretur
812 2587 873 2636 intes
888 2586 967 2636 Deos·
997 2586 1100 2643 Seme,
1114 2587 1197 2651 neam

152 2663 244 2712 mitibus
259 2665 329 2723 pomis
348 2670 417 2724 caput
441 2661 573 2710 Autumnus
591 2663 653 2710 aruis
702 2660 758 2709 ula
779 2658 842 2709 Tuus
859 2660 899 2708 ille
913 2661 945 2708 bis
960 2676 1014 2709 seeo
1032 2665 1116 2709 eremit
1130 2661 1198 2708 labore

151 2738 243 2784 extulit.
278 2735 353 2784 Plura
374 2745 396 2783 et
417 2737 533 2800 grauiora.
566 2735 653 2784 Confer
703 2732 1062 2799 Allegieclomugnurdteides.
1106 2734 1198 2783 Formo·

152 2823 207 2857 curn
225 2809 271 2857 hoe
287 2808 377 2857 somnio
394 2805 418 2855 id
440 2807 504 2873 quod
523 2807 553 2857 de
571 2807 653 2857 Atinio
701 2805 751 2854 lam
760 2807 803 2868 jus
813 2806 897 2871 fecere
913 2806 1055 2872 compmbat
1070 2806 1157 2857 Heius.
1171 2821 1198 2855 ex

152 2880 206 2930 Lis.
218 2881 243 2930 ii.
255 2883 297 2930 ³6.
308 2881 388 2931 refert.
702 2879 766 2928 Fast.
784 2879 817 2928 vi.
834 2880 875 2928 25.
910 2879 1021 2928 Criminis
1039 2891 1130 2936 auctor,
1147 2879 1199 2945 quia

185 2955 227 3004 st.
257 2955 365 3004 Patrium
394 2957 518 3016 penetrale,
546 2963 652 3020 penates,
701 2953 775 3002 suant
794 2962 818 3001 et
839 2953 908 3001 minis
927 2953 1041 3019 perpulit,
1063 2963 1090 3004 nt
1108 2953 1201 3003 commi-

151 3027 217 3076 Deos
229 3028 325 3092 patrios,
343 3044 444 3092 quorum
461 3027 588 3077 simulacra
605 3037 652 3076 sta·
703 3035 790 3090 granet.

152 3100 244 3150 bentin
255 3102 379 3165 penetrali.
402 3102 463 3150 Hinc
477 3101 518 3150 Dii
527 3104 654 3163 penetrales
735 3103 775 3148 41.
795 3099 900 3162 lapillis,
921 3099 1024 3165 ψήφοις,
1049 3101 1113 3150 unde
1131 3102 1200 3167 dem

151 3174 217 3240 apud
238 3175 290 3224 Cic.
314 3177 372 3224 Nat.
393 3176 466 3224 Deos.
487 3175 513 3224 ii.
530 3177 570 3224 ut.
603 3175 652 3233 Qui
703 3174 793 3229 ζεσθαι.
827 3174 912 3224 Postea
933 3175 1003 3232 taba,
1026 3174 1124 3240 κύαμοι,
1140 3193 1201 3225 usur·

151 3245 214 3296 enim
234 3248 257 3296 in
275 3265 348 3297 novas
363 3249 432 3297 sedes
449 3249 590 3313 migrabunt,
606 3248 651 3297 Pe·
702 3249 827 3314 pabantur.
853 3248 962 3298 Breviter
973 3259 1056 3299 autem
1067 3250 1203 3302 locasset

151 3327 220 3368 nutes
230 3337 310 3370 mcum
326 3322 450 3371 transiens
463 3323 580 3377 solebant,
591 3332 652 3370 utet
702 3338 753 3387 pro,
772 3323 858 3384 lapillis
873 3324 917 3378 uti,
938 3332 1011 3388 atque
1032 3325 1067 3372 bis
1088 3326 1202 3379 demere,

150 3391 184 3439 ibi
205 3395 307 3457 patriam
328 3393 465 3459 religionem
489 3395 651 3456 instituerent;
701 3403 748 3444 etc.
781 3396 847 3445 Faba
865 3405 943 3446 tamen
962 3398 988 3445 in
1002 3399 1146 3464 magistratu
1162 3397 1201 3447 eli·

151 3461 219 3526 Virg.
235 3464 265 3511 de
282 3467 369 3522 AEnea,
386 3471 439 3515 darm
452 3472 556 3517 eorrderet
573 3470 651 3516 urbem
701 3469 786 3534 gendo,
796 3469 888 3519 calculo
896 3470 919 3519 in
927 3469 1025 3536 judiciis
1033 3472 1074 3520 vel
1082 3470 1203 3521 sententiis

152 3533 298 3598 inferretque
311 3538 369 3586 Deos
381 3540 457 3588 Latio.
701 3541 804 3607 politicis
815 3542 916 3592 ferendis
929 3543 1060 3593 utebantur
1071 3544 1202 3594 Athenien·

184 3607 225 3654 36.
242 3611 329 3673 Agitur
345 3629 405 3668 reru,
421 3623 553 3663 accusatur.
586 3616 650 3664 Nam
701 3629 746 3663 ses.
763 3614 810 3663 En.
845 3614 931 3677 culpe,
946 3624 974 3664 ut
987 3615 1046 3665 alstri
1062 3619 1203 3681 injurtam

151 3678 175 3728 in
184 3679 237 3746 jure
246 3680 356 3731 Romano
366 3701 433 3748 ogere
442 3687 490 3749 lege
501 3686 650 3745 dicebantur,
701 3691 798 3754 aliquem
824 3692 943 3739 aboluere.
976 3691 1100 3742 Sententia
1127 3695 1204 3750 tristis,

151 3753 192 3820 qui
202 3770 232 3805 ex
248 3755 301 3822 lege
313 3756 351 3805 vel
366 3759 520 3816 accusabant,
536 3760 572 3808 vel
585 3769 649 3826 pete-
702 3779 792 3822 severa,
801 3763 962 3831 ingrataque
972 3764 1111 3815 redditreos
1120 3766 1204 3816 tristes.

149 3829 218 3880 bant.
236 3830 312 3879 Causa
320 3834 384 3893 prior
393 3848 446 3895 qua·
458 3831 496 3888 sit,
508 3849 555 3881 non
566 3832 650 3900 liquet.
701 3837 814 3889 Similiter
832 3839 895 3903 apud
916 3826 970 3890 Cic.
993 3842 1068 3892 tristis
1077 3844 1164 3903 jrrdee,
1181 3851 1204 3890 et

149 3904 212 3954 Tan.
228 3905 303 3955 Faber
325 3907 385 3954 male
405 3907 557 3963 emendabat,
575 3909 652 3959 Causa
702 3914 774 3961 tristis
791 3915 867 3969 litera,
884 3911 952 3963 litera
964 3913 1084 3965 damnans
1095 3914 1126 3964 C.
1160 3914 1204 3963 lsr-

142 3979 198 4042 suit
208 3997 217 4038 ,·
246 3980 330 4031 melius
352 3980 473 4049 Heinsius,
497 3982 572 4032 Causa
598 3988 651 4034 uiri.
702 3989 764 4037 ruitis
782 4005 852 4045 urnu.
873 3987 931 4052 quia
953 3988 1076 4038 sententia
1099 3988 1205 4045 immitis,

150 4049 206 4101 Sine
222 4052 295 4103 dubio
309 4072 378 4105 cuma
392 4059 456 4118 prior
468 4064 504 4106 est
520 4057 582 4123 prior
596 4074 651 4122 pars
702 4059 776 4111 dura:
795 4061 829 4110 sic
846 4061 880 4111 iii.
896 4063 958 4118 697.
969 4065 1075 4113 crudelia
1090 4069 1153 4114 neeis
1170 4066 1203 4114 ia·

149 4140 237 4184 cause,
247 4129 352 4192 cognitio
363 4129 459 4194 judicis
496 4132 582 4182 Postea
596 4150 649 4182 sen-
702 4144 839 4184 stmmento.
