<?xml version="1.0" encoding="UTF-8"?>
<!DOCTYPE html PUBLIC "-//W3C//DTD XHTML 1.0 Transitional//EN"
    "http://www.w3.org/TR/xhtml1/DTD/xhtml1-transitional.dtd">
<html xmlns="http://www.w3.org/1999/xhtml" xml:lang="en" lang="en">
 <head>
  <title>
</title>
<meta http-equiv="Content-Type" content="text/html;charset=utf-8" />
  <meta name='ocr-system' content='tesseract 3.04.00' />
  <meta name='ocr-capabilities' content='ocr_page ocr_carea ocr_par ocr_line ocrx_word'/>
</head>
<body>
  <div class='ocr_page' id='page_1' title='image "./povidiinasoniso05burmgoog_0053.png"; bbox 0 0 2774 5004; ppageno 0'>
   <div class='ocr_carea' id='block_1_1' title="bbox 270 317 1032 389">
    <p class='ocr_par' dir='ltr' id='par_1_1' title="bbox 270 317 1032 389">
     <span class='ocr_line' id='line_1_1' title="bbox 270 317 1032 389; baseline -0.005 0"><span class='ocrx_word' id='word_1_1' title='bbox 270 323 316 389; x_wconf 74' lang='grc'><strong>46</strong></span> <span class='ocrx_word' id='word_1_2' title='bbox 566 320 606 386; x_wconf 86' lang='grc' dir='ltr'>Ρ.</span> <span class='ocrx_word' id='word_1_3' title='bbox 631 318 794 386; x_wconf 89' lang='lat' dir='ltr'>OVIDII</span> <span class='ocrx_word' id='word_1_4' title='bbox 818 317 1032 386; x_wconf 86' lang='lat' dir='ltr'><strong>NASONIS</strong></span> 
     </span>
    </p>
   </div>
   <div class='ocr_carea' id='block_1_2' title="bbox 270 492 1321 1633">
    <p class='ocr_par' dir='ltr' id='par_1_2' title="bbox 271 492 1319 1287">
     <span class='ocr_line' id='line_1_2' title="bbox 272 492 1303 592; baseline -0.002 -23"><span class='ocrx_word' id='word_1_5' title='bbox 272 495 381 570; x_wconf 91' lang='lat' dir='ltr'>Mille</span> <span class='ocrx_word' id='word_1_6' title='bbox 398 493 530 568; x_wconf 91' lang='lat' dir='ltr'>domos</span> <span class='ocrx_word' id='word_1_7' title='bbox 548 492 688 580; x_wconf 90' lang='lat' dir='ltr'>adiere,</span> <span class='ocrx_word' id='word_1_8' title='bbox 700 496 825 569; x_wconf 91' lang='lat' dir='ltr'>locum</span> <span class='ocrx_word' id='word_1_9' title='bbox 843 493 1090 592; x_wconf 83' lang='lat' dir='ltr'><strong>requiemque</strong></span> <span class='ocrx_word' id='word_1_10' title='bbox 1108 501 1303 591; x_wconf 89' lang='lat' dir='ltr'>petentes;</span> 
     </span>
     <span class='ocr_line' id='line_1_3' title="bbox 272 610 1274 708; baseline -0.002 -23"><span class='ocrx_word' id='word_1_11' title='bbox 272 610 381 685; x_wconf 91' lang='lat' dir='ltr'>Mille</span> <span class='ocrx_word' id='word_1_12' title='bbox 399 612 530 684; x_wconf 88' lang='lat' dir='ltr'>domos</span> <span class='ocrx_word' id='word_1_13' title='bbox 549 611 718 685; x_wconf 87' lang='lat' dir='ltr'>clausere</span> <span class='ocrx_word' id='word_1_14' title='bbox 736 635 851 685; x_wconf 88' lang='lat' dir='ltr'>serae:</span> <span class='ocrx_word' id='word_1_15' title='bbox 878 620 1007 683; x_wconf 90' lang='lat' dir='ltr'>tamen</span> <span class='ocrx_word' id='word_1_16' title='bbox 1023 633 1100 683; x_wconf 89' lang='lat' dir='ltr'>una</span> <span class='ocrx_word' id='word_1_17' title='bbox 1116 610 1274 708; x_wconf 89' lang='lat' dir='ltr'>recepit,</span> 
     </span>
     <span class='ocr_line' id='line_1_4' title="bbox 271 725 1263 824; baseline 0.001 -25"><span class='ocrx_word' id='word_1_18' title='bbox 271 725 395 801; x_wconf 89' lang='lat' dir='ltr'>Parva</span> <span class='ocrx_word' id='word_1_19' title='bbox 412 725 579 822; x_wconf 90' lang='lat' dir='ltr'>quidem,</span> <span class='ocrx_word' id='word_1_20' title='bbox 599 725 749 824; x_wconf 91' lang='lat' dir='ltr'>stipulis</span> <span class='ocrx_word' id='word_1_21' title='bbox 767 736 806 799; x_wconf 91' lang='lat' dir='ltr'>et</span> <span class='ocrx_word' id='word_1_22' title='bbox 823 749 944 799; x_wconf 89' lang='lat' dir='ltr'>canna</span> <span class='ocrx_word' id='word_1_23' title='bbox 961 737 1063 798; x_wconf 88' lang='lat' dir='ltr'>tecta</span> <span class='ocrx_word' id='word_1_24' title='bbox 1079 725 1263 824; x_wconf 83' lang='lat' dir='ltr'><strong>palustri:</strong></span> 
     </span>
     <span class='ocr_line' id='line_1_5' title="bbox 273 839 1272 939; baseline -0.002 -25"><span class='ocrx_word' id='word_1_25' title='bbox 273 841 352 915; x_wconf 87' lang='lat' dir='ltr'>Sed</span> <span class='ocrx_word' id='word_1_26' title='bbox 366 842 430 939; x_wconf 88' lang='lat' dir='ltr'>pia</span> <span class='ocrx_word' id='word_1_27' title='bbox 448 841 589 915; x_wconf 82' lang='lat' dir='ltr'>Baucis</span> <span class='ocrx_word' id='word_1_28' title='bbox 607 864 713 924; x_wconf 90' lang='lat' dir='ltr'>anus,</span> <span class='ocrx_word' id='word_1_29' title='bbox 733 840 920 938; x_wconf 88' lang='lat' dir='ltr'>parilique</span> <span class='ocrx_word' id='word_1_30' title='bbox 938 851 1050 914; x_wconf 86' lang='lat' dir='ltr'>aetate</span> <span class='ocrx_word' id='word_1_31' title='bbox 1068 839 1272 914; x_wconf 81' lang='lat' dir='ltr'>Philemon</span> 
     </span>
     <span class='ocr_line' id='line_1_6' title="bbox 271 956 1319 1054; baseline -0.003 -24"><span class='ocrx_word' id='word_1_32' title='bbox 271 957 344 1030; x_wconf 89' lang='lat' dir='ltr'>llla</span> <span class='ocrx_word' id='word_1_33' title='bbox 361 968 448 1030; x_wconf 92' lang='lat' dir='ltr'>sunt</span> <span class='ocrx_word' id='word_1_34' title='bbox 465 956 573 1029; x_wconf 88' lang='lat' dir='ltr'>annis</span> <span class='ocrx_word' id='word_1_35' title='bbox 586 957 709 1054; x_wconf 86' lang='lat' dir='ltr'>juncti</span> <span class='ocrx_word' id='word_1_36' title='bbox 723 957 974 1053; x_wconf 81' lang='lat' dir='ltr'>juvenilibus3</span> <span class='ocrx_word' id='word_1_37' title='bbox 1004 958 1070 1030; x_wconf 90' lang='lat' dir='ltr'>illa</span> <span class='ocrx_word' id='word_1_38' title='bbox 1249 961 1319 1030; x_wconf 82' lang='lat'>632</span> 
     </span>
     <span class='ocr_line' id='line_1_7' title="bbox 272 1071 1187 1170; baseline 0 -26"><span class='ocrx_word' id='word_1_39' title='bbox 272 1072 516 1146; x_wconf 77' lang='lat' dir='ltr'>Consonuere</span> <span class='ocrx_word' id='word_1_40' title='bbox 534 1095 624 1147; x_wconf 86' lang='lat' dir='ltr'>casa</span> <span class='ocrx_word' id='word_1_41' title='bbox 634 1099 644 1161; x_wconf 91' lang='lat'>;</span> <span class='ocrx_word' id='word_1_42' title='bbox 674 1083 1014 1170; x_wconf 85' lang='lat' dir='ltr'>paupertatemque</span> <span class='ocrx_word' id='word_1_43' title='bbox 1032 1071 1187 1146; x_wconf 87' lang='lat' dir='ltr'>fatendo</span> 
     </span>
     <span class='ocr_line' id='line_1_8' title="bbox 272 1186 1196 1287; baseline -0.001 -26"><span class='ocrx_word' id='word_1_44' title='bbox 272 1186 443 1262; x_wconf 86' lang='lat' dir='ltr'>Effeeere</span> <span class='ocrx_word' id='word_1_45' title='bbox 460 1188 593 1276; x_wconf 85' lang='lat' dir='ltr'>levem,</span> <span class='ocrx_word' id='word_1_46' title='bbox 609 1212 680 1263; x_wconf 90' lang='lat' dir='ltr'>nec</span> <span class='ocrx_word' id='word_1_47' title='bbox 698 1189 829 1287; x_wconf 93' lang='lat' dir='ltr'>iniqua</span> <span class='ocrx_word' id='word_1_48' title='bbox 845 1198 972 1263; x_wconf 89' lang='lat' dir='ltr'>mente</span> <span class='ocrx_word' id='word_1_49' title='bbox 989 1187 1196 1263; x_wconf 89' lang='lat' dir='ltr'>serendam.</span> 
     </span>
    </p>

    <p class='ocr_par' dir='ltr' id='par_1_3' title="bbox 270 1302 1321 1633">
     <span class='ocr_line' id='line_1_9' title="bbox 272 1302 1220 1401; baseline -0.001 -24"><span class='ocrx_word' id='word_1_50' title='bbox 272 1302 310 1377; x_wconf 92' lang='lat' dir='ltr'>N</span> <span class='ocrx_word' id='word_1_51' title='bbox 313 1328 356 1378; x_wconf 89' lang='lat' dir='ltr'>ec</span> <span class='ocrx_word' id='word_1_52' title='bbox 370 1304 494 1392; x_wconf 84' lang='lat' dir='ltr'>refert,</span> <span class='ocrx_word' id='word_1_53' title='bbox 506 1305 679 1379; x_wconf 89' lang='lat' dir='ltr'>dominos</span> <span class='ocrx_word' id='word_1_54' title='bbox 697 1306 785 1393; x_wconf 91' lang='lat' dir='ltr'>illic,</span> <span class='ocrx_word' id='word_1_55' title='bbox 805 1306 1014 1379; x_wconf 82' lang='lat' dir='ltr'>famulosne</span> <span class='ocrx_word' id='word_1_56' title='bbox 1028 1303 1220 1401; x_wconf 82' lang='lat' dir='ltr'>requiras3</span> 
     </span>
     <span class='ocr_line' id='line_1_10' title="bbox 270 1417 1320 1519; baseline -0.002 -28"><span class='ocrx_word' id='word_1_57' title='bbox 270 1417 368 1494; x_wconf 84' lang='lat' dir='ltr'>Tota</span> <span class='ocrx_word' id='word_1_58' title='bbox 380 1421 514 1494; x_wconf 88' lang='lat' dir='ltr'>domus</span> <span class='ocrx_word' id='word_1_59' title='bbox 527 1421 602 1494; x_wconf 94' lang='lat' dir='ltr'>duo</span> <span class='ocrx_word' id='word_1_60' title='bbox 620 1432 728 1509; x_wconf 85' lang='lat' dir='ltr'>sunt3</span> <span class='ocrx_word' id='word_1_61' title='bbox 749 1423 850 1495; x_wconf 76' lang='lat' dir='ltr'>idem</span> <span class='ocrx_word' id='word_1_62' title='bbox 868 1431 1080 1519; x_wconf 91' lang='lat' dir='ltr'>parentque</span> <span class='ocrx_word' id='word_1_63' title='bbox 1093 1420 1320 1517; x_wconf 85' lang='lat' dir='ltr'>jubentque.</span> 
     </span>
     <span class='ocr_line' id='line_1_11' title="bbox 272 1533 1321 1633; baseline -0.001 -25"><span class='ocrx_word' id='word_1_64' title='bbox 272 1533 374 1632; x_wconf 88' lang='lat' dir='ltr'>Ergo</span> <span class='ocrx_word' id='word_1_65' title='bbox 392 1537 457 1609; x_wconf 89' lang='lat' dir='ltr'>uhi</span> <span class='ocrx_word' id='word_1_66' title='bbox 474 1536 654 1610; x_wconf 85' lang='lat' dir='ltr'>coelicolae</span> <span class='ocrx_word' id='word_1_67' title='bbox 671 1560 806 1633; x_wconf 88' lang='lat' dir='ltr'>parvos</span> <span class='ocrx_word' id='word_1_68' title='bbox 824 1537 982 1632; x_wconf 85' lang='lat' dir='ltr'>tetigere</span> <span class='ocrx_word' id='word_1_69' title='bbox 999 1545 1170 1633; x_wconf 77' lang='lat' dir='ltr'>penateS,</span> <span class='ocrx_word' id='word_1_70' title='bbox 1250 1538 1321 1608; x_wconf 91' lang='grc'>637</span> 
     </span>
    </p>
   </div>
   <div class='ocr_carea' id='block_1_3' title="bbox 269 1780 1324 4215">
    <p class='ocr_par' dir='ltr' id='par_1_4' title="bbox 269 1780 1324 4215">
     <span class='ocr_line' id='line_1_12' title="bbox 304 1780 1322 1849; baseline -0.005 -16"><span class='ocrx_word' id='word_1_71' title='bbox 304 1783 362 1833; x_wconf 89' lang='grc'><strong>630.</strong></span> <span class='ocrx_word' id='word_1_72' title='bbox 381 1783 461 1832; x_wconf 82' lang='lat' dir='ltr'>Perua</span> <span class='ocrx_word' id='word_1_73' title='bbox 476 1785 576 1846; x_wconf 79' lang='lat' dir='ltr'>quidem,</span> <span class='ocrx_word' id='word_1_74' title='bbox 586 1784 645 1847; x_wconf 76' lang='lat' dir='ltr'>eto]</span> <span class='ocrx_word' id='word_1_75' title='bbox 663 1783 775 1849; x_wconf 85' lang='lat' dir='ltr'>Sequitur</span> <span class='ocrx_word' id='word_1_76' title='bbox 824 1784 854 1832; x_wconf 90' lang='lat' dir='ltr'>In</span> <span class='ocrx_word' id='word_1_77' title='bbox 872 1783 981 1833; x_wconf 81' lang='lat' dir='ltr'>dissimili</span> <span class='ocrx_word' id='word_1_78' title='bbox 998 1798 1032 1840; x_wconf 88' lang='lat' dir='ltr'>re,</span> <span class='ocrx_word' id='word_1_79' title='bbox 1048 1781 1131 1831; x_wconf 83' lang='lat' dir='ltr'>Amor.</span> <span class='ocrx_word' id='word_1_80' title='bbox 1145 1780 1162 1831; x_wconf 91' lang='lat' dir='ltr'>i.</span> <span class='ocrx_word' id='word_1_81' title='bbox 1175 1783 1222 1830; x_wconf 78' lang='lat'>21:</span> <span class='ocrx_word' id='word_1_82' title='bbox 1240 1783 1322 1830; x_wconf 68' lang='lat' dir='ltr'>Arriae</span> 
     </span>
     <span class='ocr_line' id='line_1_13' title="bbox 272 1855 1323 1922; baseline -0.004 -16"><span class='ocrx_word' id='word_1_83' title='bbox 272 1857 341 1906; x_wconf 85' lang='lat' dir='ltr'>loona</span> <span class='ocrx_word' id='word_1_84' title='bbox 357 1856 577 1921; x_wconf 74' lang='lat' dir='ltr'>praestantissimus,</span> <span class='ocrx_word' id='word_1_85' title='bbox 593 1873 640 1922; x_wconf 88' lang='lat' dir='ltr'>qno</span> <span class='ocrx_word' id='word_1_86' title='bbox 654 1873 720 1914; x_wconf 88' lang='lat' dir='ltr'>casa,</span> <span class='ocrx_word' id='word_1_87' title='bbox 735 1875 775 1907; x_wconf 86' lang='lat' dir='ltr'>su·</span> <span class='ocrx_word' id='word_1_88' title='bbox 824 1860 907 1906; x_wconf 77' lang='lat' dir='ltr'>invitos</span> <span class='ocrx_word' id='word_1_89' title='bbox 917 1858 1031 1920; x_wconf 75' lang='lat' dir='ltr'>multoque</span> <span class='ocrx_word' id='word_1_90' title='bbox 1038 1856 1144 1920; x_wconf 72' lang='lat' dir='ltr'>sororiis</span> <span class='ocrx_word' id='word_1_91' title='bbox 1159 1865 1239 1921; x_wconf 81' lang='lat' dir='ltr'>urget,</span> <span class='ocrx_word' id='word_1_92' title='bbox 1249 1855 1323 1909; x_wconf 73' lang='lat' dir='ltr'>Quen</span> 
     </span>
     <span class='ocr_line' id='line_1_14' title="bbox 272 1929 1324 1997; baseline -0.003 -18"><span class='ocrx_word' id='word_1_93' title='bbox 272 1930 361 1997; x_wconf 84' lang='lat' dir='ltr'>pellex,</span> <span class='ocrx_word' id='word_1_94' title='bbox 372 1931 469 1995; x_wconf 92' lang='lat' dir='ltr'>epulum</span> <span class='ocrx_word' id='word_1_95' title='bbox 487 1930 684 1996; x_wconf 87' lang='lat' dir='ltr'>pauperculorum</span> <span class='ocrx_word' id='word_1_96' title='bbox 700 1931 774 1979; x_wconf 88' lang='lat' dir='ltr'>bomi-</span> <span class='ocrx_word' id='word_1_97' title='bbox 825 1934 864 1994; x_wconf 82' lang='lat' dir='ltr'>qui</span> <span class='ocrx_word' id='word_1_98' title='bbox 884 1933 1001 1979; x_wconf 69' lang='lat' dir='ltr'>remittam</span> <span class='ocrx_word' id='word_1_99' title='bbox 1020 1930 1091 1995; x_wconf 79' lang='lat' dir='ltr'>serre</span> <span class='ocrx_word' id='word_1_100' title='bbox 1103 1929 1225 1994; x_wconf 77' lang='lat' dir='ltr'>fatentur,</span> <span class='ocrx_word' id='word_1_101' title='bbox 1247 1929 1324 1976; x_wconf 74' lang='lat' dir='ltr'>Amor.</span> 
     </span>
     <span class='ocr_line' id='line_1_15' title="bbox 274 2000 1324 2068; baseline -0.003 -15"><span class='ocrx_word' id='word_1_102' title='bbox 274 2019 342 2060; x_wconf 87' lang='lat' dir='ltr'>num,</span> <span class='ocrx_word' id='word_1_103' title='bbox 364 2018 493 2068; x_wconf 88' lang='lat' dir='ltr'>eorumque</span> <span class='ocrx_word' id='word_1_104' title='bbox 515 2002 603 2052; x_wconf 84' lang='lat' dir='ltr'>eximia</span> <span class='ocrx_word' id='word_1_105' title='bbox 628 2003 775 2068; x_wconf 72' lang='lat' dir='ltr'>hospitalitas</span> <span class='ocrx_word' id='word_1_106' title='bbox 824 2004 885 2053; x_wconf 86' lang='lat' dir='ltr'>Mox</span> <span class='ocrx_word' id='word_1_107' title='bbox 895 2004 1017 2068; x_wconf 81' lang='lat' dir='ltr'>ingeniose</span> <span class='ocrx_word' id='word_1_108' title='bbox 1027 2012 1051 2052; x_wconf 88' lang='lat' dir='ltr'>et</span> <span class='ocrx_word' id='word_1_109' title='bbox 1059 2001 1179 2068; x_wconf 87' lang='lat' dir='ltr'>jucunde:</span> <span class='ocrx_word' id='word_1_110' title='bbox 1192 2017 1240 2050; x_wconf 90' lang='lat' dir='ltr'>non</span> <span class='ocrx_word' id='word_1_111' title='bbox 1252 2000 1324 2050; x_wconf 83' lang='lat' dir='ltr'>babe-</span> 
     </span>
     <span class='ocr_line' id='line_1_16' title="bbox 274 2076 1323 2141; baseline -0.002 -15"><span class='ocrx_word' id='word_1_112' title='bbox 274 2077 312 2127; x_wconf 84' lang='lat' dir='ltr'>ita</span> <span class='ocrx_word' id='word_1_113' title='bbox 324 2076 474 2134; x_wconf 72' lang='lat' dir='ltr'>describitur,</span> <span class='ocrx_word' id='word_1_114' title='bbox 494 2086 520 2127; x_wconf 94' lang='lat' dir='ltr'>ut</span> <span class='ocrx_word' id='word_1_115' title='bbox 537 2093 574 2126; x_wconf 89' lang='lat' dir='ltr'>res</span> <span class='ocrx_word' id='word_1_116' title='bbox 594 2078 702 2127; x_wconf 86' lang='lat' dir='ltr'>sensibus</span> <span class='ocrx_word' id='word_1_117' title='bbox 719 2079 771 2127; x_wconf 86' lang='lat' dir='ltr'>sub·</span> <span class='ocrx_word' id='word_1_118' title='bbox 824 2079 883 2128; x_wconf 87' lang='lat' dir='ltr'>bant</span> <span class='ocrx_word' id='word_1_119' title='bbox 893 2095 973 2126; x_wconf 85' lang='lat' dir='ltr'>servos</span> <span class='ocrx_word' id='word_1_120' title='bbox 988 2077 1143 2141; x_wconf 78' lang='lat' dir='ltr'>ancillasque.</span> <span class='ocrx_word' id='word_1_121' title='bbox 1171 2076 1229 2124; x_wconf 85' lang='lat' dir='ltr'>Toto</span> <span class='ocrx_word' id='word_1_122' title='bbox 1239 2077 1323 2132; x_wconf 67' lang='lat' dir='ltr'>domm,</span> 
     </span>
     <span class='ocr_line' id='line_1_17' title="bbox 271 2150 1090 2218; baseline -0.007 -15"><span class='ocrx_word' id='word_1_123' title='bbox 271 2152 341 2218; x_wconf 74' lang='lat' dir='ltr'>jecta</span> <span class='ocrx_word' id='word_1_124' title='bbox 350 2151 467 2214; x_wconf 83' lang='lat' dir='ltr'>videatur,</span> <span class='ocrx_word' id='word_1_125' title='bbox 478 2160 503 2200; x_wconf 91' lang='lat' dir='ltr'>et</span> <span class='ocrx_word' id='word_1_126' title='bbox 512 2151 586 2201; x_wconf 86' lang='lat' dir='ltr'>lector</span> <span class='ocrx_word' id='word_1_127' title='bbox 597 2152 667 2201; x_wconf 78' lang='lat' dir='ltr'>facile</span> <span class='ocrx_word' id='word_1_128' title='bbox 678 2167 773 2200; x_wconf 80' lang='lat' dir='ltr'>morea·</span> <span class='ocrx_word' id='word_1_129' title='bbox 823 2159 871 2200; x_wconf 88' lang='lat' dir='ltr'>etc.</span> <span class='ocrx_word' id='word_1_130' title='bbox 889 2151 952 2200; x_wconf 89' lang='lat' dir='ltr'>Vide</span> <span class='ocrx_word' id='word_1_131' title='bbox 963 2150 994 2198; x_wconf 88' lang='lat' dir='ltr'>ed</span> <span class='ocrx_word' id='word_1_132' title='bbox 1004 2150 1021 2198; x_wconf 88' lang='lat' dir='ltr'>i.</span> <span class='ocrx_word' id='word_1_133' title='bbox 1032 2151 1090 2199; x_wconf 88' lang='grc'><strong>363.</strong></span> 
     </span>
     <span class='ocr_line' id='line_1_18' title="bbox 272 2224 1324 2291; baseline -0.003 -17"><span class='ocrx_word' id='word_1_134' title='bbox 272 2233 312 2274; x_wconf 90' lang='lat' dir='ltr'>tur</span> <span class='ocrx_word' id='word_1_135' title='bbox 322 2225 411 2291; x_wconf 84' lang='lat' dir='ltr'>pietate</span> <span class='ocrx_word' id='word_1_136' title='bbox 422 2224 550 2290; x_wconf 84' lang='lat' dir='ltr'>hospitum.</span> <span class='ocrx_word' id='word_1_137' title='bbox 583 2226 775 2288; x_wconf 74' lang='lat' dir='ltr'>Stipulis3Fast.</span> <span class='ocrx_word' id='word_1_138' title='bbox 857 2225 914 2274; x_wconf 88' lang='grc'><strong>637.</strong></span> <span class='ocrx_word' id='word_1_139' title='bbox 937 2224 1040 2289; x_wconf 79' lang='lat' dir='ltr'>Tangere</span> <span class='ocrx_word' id='word_1_140' title='bbox 1059 2230 1203 2285; x_wconf 66' lang='lat' dir='ltr'>penetrant</span> <span class='ocrx_word' id='word_1_141' title='bbox 1230 2232 1324 2288; x_wconf 78' lang='lat' dir='ltr'>tangere</span> 
     </span>
     <span class='ocr_line' id='line_1_19' title="bbox 274 2296 1323 2363; baseline -0.002 -15"><span class='ocrx_word' id='word_1_142' title='bbox 274 2298 380 2349; x_wconf 59' lang='lat' dir='ltr'>simol:</span> <span class='ocrx_word' id='word_1_143' title='bbox 399 2299 455 2354; x_wconf 72' lang='lat' dir='ltr'>Qua</span> <span class='ocrx_word' id='word_1_144' title='bbox 472 2301 774 2361; x_wconf 55' lang='lat' dir='ltr'>renovandamque</span> <span class='ocrx_word' id='word_1_145' title='bbox 822 2308 910 2361; x_wconf 66' lang='lat' dir='ltr'>putus,</span> <span class='ocrx_word' id='word_1_146' title='bbox 928 2314 957 2346; x_wconf 85' lang='lat' dir='ltr'>eo</span> <span class='ocrx_word' id='word_1_147' title='bbox 972 2296 1103 2363; x_wconf 83' lang='lat' dir='ltr'>pervenire.</span> <span class='ocrx_word' id='word_1_148' title='bbox 1132 2297 1192 2344; x_wconf 82' lang='lat' dir='ltr'>Mox</span> <span class='ocrx_word' id='word_1_149' title='bbox 1211 2297 1323 2361; x_wconf 76' lang='lat' dir='ltr'>graphice</span> 
     </span>
     <span class='ocr_line' id='line_1_20' title="bbox 274 2371 1322 2435; baseline -0.001 -13"><span class='ocrx_word' id='word_1_150' title='bbox 274 2383 331 2422; x_wconf 80' lang='lat' dir='ltr'>tuae</span> <span class='ocrx_word' id='word_1_151' title='bbox 356 2382 415 2422; x_wconf 82' lang='lat' dir='ltr'>tectu</span> <span class='ocrx_word' id='word_1_152' title='bbox 442 2375 539 2423; x_wconf 65' lang='lat' dir='ltr'>uuna.</span> <span class='ocrx_word' id='word_1_153' title='bbox 578 2373 674 2435; x_wconf 75' lang='lat' dir='ltr'>Stipulc</span> <span class='ocrx_word' id='word_1_154' title='bbox 695 2382 774 2422; x_wconf 87' lang='lat' dir='ltr'>autem</span> <span class='ocrx_word' id='word_1_155' title='bbox 824 2375 979 2435; x_wconf 71' lang='lat' dir='ltr'>ruborumque,</span> <span class='ocrx_word' id='word_1_156' title='bbox 1000 2380 1047 2420; x_wconf 87' lang='lat' dir='ltr'>etc.</span> <span class='ocrx_word' id='word_1_157' title='bbox 1082 2371 1132 2424; x_wconf 80' lang='lat' dir='ltr'>Quo</span> <span class='ocrx_word' id='word_1_158' title='bbox 1156 2373 1306 2435; x_wconf 80' lang='lat' dir='ltr'>superinjecit</span> <span class='ocrx_word' id='word_1_159' title='bbox 1313 2390 1322 2431; x_wconf 93' lang='lat'>‚·</span> 
     </span>
     <span class='ocr_line' id='line_1_21' title="bbox 272 2444 1323 2510; baseline 0.001 -15"><span class='ocrx_word' id='word_1_160' title='bbox 272 2455 330 2497; x_wconf 86' lang='lat' dir='ltr'>sunt</span> <span class='ocrx_word' id='word_1_161' title='bbox 356 2447 548 2504; x_wconf 64' lang='lat' dir='ltr'>attaminaret.</span> <span class='ocrx_word' id='word_1_162' title='bbox 571 2448 627 2495; x_wconf 87' lang='grc'>701.</span> <span class='ocrx_word' id='word_1_163' title='bbox 672 2447 772 2496; x_wconf 88' lang='lat' dir='ltr'>Veteres</span> <span class='ocrx_word' id='word_1_164' title='bbox 824 2449 978 2497; x_wconf 76' lang='lat' dir='ltr'>Burmannus</span> <span class='ocrx_word' id='word_1_165' title='bbox 994 2445 1090 2510; x_wconf 83' lang='lat' dir='ltr'>conjicit</span> <span class='ocrx_word' id='word_1_166' title='bbox 1102 2445 1170 2502; x_wconf 80' lang='lat' dir='ltr'>Quoi,</span> <span class='ocrx_word' id='word_1_167' title='bbox 1181 2444 1206 2492; x_wconf 94' lang='lat' dir='ltr'>id</span> <span class='ocrx_word' id='word_1_168' title='bbox 1220 2455 1265 2504; x_wconf 84' lang='lat' dir='ltr'>est,</span> <span class='ocrx_word' id='word_1_169' title='bbox 1277 2451 1323 2496; x_wconf 81' lang='lat' dir='ltr'>cui.</span> 
     </span>
     <span class='ocr_line' id='line_1_22' title="bbox 273 2519 1322 2584; baseline 0 -15"><span class='ocrx_word' id='word_1_170' title='bbox 273 2520 337 2569; x_wconf 87' lang='lat' dir='ltr'>enirn</span> <span class='ocrx_word' id='word_1_171' title='bbox 362 2536 475 2570; x_wconf 85' lang='lat' dir='ltr'>messores</span> <span class='ocrx_word' id='word_1_172' title='bbox 497 2519 581 2569; x_wconf 86' lang='lat' dir='ltr'>aristas</span> <span class='ocrx_word' id='word_1_173' title='bbox 601 2528 694 2570; x_wconf 79' lang='lat' dir='ltr'>tantum</span> <span class='ocrx_word' id='word_1_174' title='bbox 717 2535 772 2568; x_wconf 87' lang='lat' dir='ltr'>cum</span> <span class='ocrx_word' id='word_1_175' title='bbox 824 2522 927 2579; x_wconf 74' lang='lat' dir='ltr'>Tutum,</span> <span class='ocrx_word' id='word_1_176' title='bbox 941 2521 1081 2584; x_wconf 82' lang='lat' dir='ltr'>stragulum.</span> <span class='ocrx_word' id='word_1_177' title='bbox 1114 2519 1182 2583; x_wconf 79' lang='lat' dir='ltr'>Ignis</span> <span class='ocrx_word' id='word_1_178' title='bbox 1196 2519 1322 2569; x_wconf 83' lang='lat' dir='ltr'>excitatio-</span> 
     </span>
     <span class='ocr_line' id='line_1_23' title="bbox 272 2593 1323 2661; baseline -0.001 -17"><span class='ocrx_word' id='word_1_179' title='bbox 272 2593 361 2659; x_wconf 77' lang='lat' dir='ltr'>exigus</span> <span class='ocrx_word' id='word_1_180' title='bbox 369 2593 456 2644; x_wconf 86' lang='lat' dir='ltr'>calami</span> <span class='ocrx_word' id='word_1_181' title='bbox 469 2602 536 2659; x_wconf 85' lang='lat' dir='ltr'>parte</span> <span class='ocrx_word' id='word_1_182' title='bbox 548 2594 684 2652; x_wconf 87' lang='lat' dir='ltr'>demebaut,</span> <span class='ocrx_word' id='word_1_183' title='bbox 695 2602 720 2642; x_wconf 85' lang='lat' dir='ltr'>et</span> <span class='ocrx_word' id='word_1_184' title='bbox 730 2594 772 2641; x_wconf 86' lang='lat' dir='ltr'>sti·</span> <span class='ocrx_word' id='word_1_185' title='bbox 822 2611 876 2645; x_wconf 88' lang='lat' dir='ltr'>nem</span> <span class='ocrx_word' id='word_1_186' title='bbox 883 2597 952 2659; x_wconf 80' lang='lat' dir='ltr'>Virg.</span> <span class='ocrx_word' id='word_1_187' title='bbox 960 2593 1058 2643; x_wconf 84' lang='lat' dir='ltr'>AEneid.</span> <span class='ocrx_word' id='word_1_188' title='bbox 1067 2593 1084 2642; x_wconf 90' lang='lat' dir='ltr'>i.</span> <span class='ocrx_word' id='word_1_189' title='bbox 1093 2594 1149 2642; x_wconf 81' lang='lat'>174.</span> <span class='ocrx_word' id='word_1_190' title='bbox 1158 2593 1243 2642; x_wconf 88' lang='lat' dir='ltr'>eadem</span> <span class='ocrx_word' id='word_1_191' title='bbox 1251 2610 1323 2661; x_wconf 91' lang='lat' dir='ltr'>prope</span> 
     </span>
     <span class='ocr_line' id='line_1_24' title="bbox 272 2667 1323 2735; baseline 0.001 -17"><span class='ocrx_word' id='word_1_192' title='bbox 272 2669 341 2734; x_wconf 84' lang='lat' dir='ltr'>pules</span> <span class='ocrx_word' id='word_1_193' title='bbox 359 2669 406 2719; x_wconf 91' lang='lat' dir='ltr'>alio</span> <span class='ocrx_word' id='word_1_194' title='bbox 421 2677 526 2734; x_wconf 88' lang='lat' dir='ltr'>ternpore</span> <span class='ocrx_word' id='word_1_195' title='bbox 538 2669 670 2719; x_wconf 87' lang='lat' dir='ltr'>metebant.</span> <span class='ocrx_word' id='word_1_196' title='bbox 704 2667 772 2732; x_wconf 80' lang='lat' dir='ltr'>Virg.</span> <span class='ocrx_word' id='word_1_197' title='bbox 822 2670 948 2735; x_wconf 79' lang='lat' dir='ltr'>diligentia</span> <span class='ocrx_word' id='word_1_198' title='bbox 965 2667 1085 2718; x_wconf 82' lang='lat' dir='ltr'>describit.</span> <span class='ocrx_word' id='word_1_199' title='bbox 1119 2668 1189 2717; x_wconf 85' lang='lat' dir='ltr'>Idem</span> <span class='ocrx_word' id='word_1_200' title='bbox 1204 2670 1263 2718; x_wconf 84' lang='lat' dir='ltr'>AEn.</span> <span class='ocrx_word' id='word_1_201' title='bbox 1273 2669 1323 2720; x_wconf 84' lang='lat' dir='ltr'>viii.</span> 
     </span>
     <span class='ocr_line' id='line_1_25' title="bbox 272 2741 1323 2809; baseline -0.001 -16"><span class='ocrx_word' id='word_1_202' title='bbox 272 2742 361 2809; x_wconf 78' lang='lat' dir='ltr'>Georg.</span> <span class='ocrx_word' id='word_1_203' title='bbox 382 2744 400 2794; x_wconf 89' lang='lat' dir='ltr'>i.</span> <span class='ocrx_word' id='word_1_204' title='bbox 422 2745 480 2793; x_wconf 80' lang='grc'><strong>239.</strong></span> <span class='ocrx_word' id='word_1_205' title='bbox 517 2743 585 2793; x_wconf 77' lang='lat' dir='ltr'>Tecto</span> <span class='ocrx_word' id='word_1_206' title='bbox 597 2761 606 2801; x_wconf 91' lang='lat'>,·</span> <span class='ocrx_word' id='word_1_207' title='bbox 630 2742 728 2791; x_wconf 87' lang='lat' dir='ltr'>Priceus</span> <span class='ocrx_word' id='word_1_208' title='bbox 748 2750 773 2791; x_wconf 90' lang='lat' dir='ltr'>et</span> <span class='ocrx_word' id='word_1_209' title='bbox 823 2744 920 2793; x_wconf 78' lang='lat' dir='ltr'>trude</span> <span class='ocrx_word' id='word_1_210' title='bbox 937 2741 1036 2791; x_wconf 88' lang='lat' dir='ltr'>muliere</span> <span class='ocrx_word' id='word_1_211' title='bbox 1051 2742 1112 2790; x_wconf 88' lang='lat' dir='ltr'>bene</span> <span class='ocrx_word' id='word_1_212' title='bbox 1130 2757 1200 2791; x_wconf 87' lang='lat' dir='ltr'>mane</span> <span class='ocrx_word' id='word_1_213' title='bbox 1217 2742 1248 2790; x_wconf 84' lang='lat' dir='ltr'>ed</span> <span class='ocrx_word' id='word_1_214' title='bbox 1263 2760 1323 2809; x_wconf 85' lang='lat' dir='ltr'>opus</span> 
     </span>
     <span class='ocr_line' id='line_1_26' title="bbox 272 2815 1322 2883; baseline 0.002 -19"><span class='ocrx_word' id='word_1_215' title='bbox 272 2815 386 2867; x_wconf 84' lang='lat' dir='ltr'>Heinsius</span> <span class='ocrx_word' id='word_1_216' title='bbox 400 2816 530 2883; x_wconf 81' lang='lat' dir='ltr'>conjiciunt</span> <span class='ocrx_word' id='word_1_217' title='bbox 545 2825 615 2874; x_wconf 75' lang='lat' dir='ltr'>terto,</span> <span class='ocrx_word' id='word_1_218' title='bbox 626 2826 653 2864; x_wconf 91' lang='grc' dir='ltr'>ιιι</span> <span class='ocrx_word' id='word_1_219' title='bbox 668 2824 718 2865; x_wconf 89' lang='lat' dir='ltr'>tota</span> <span class='ocrx_word' id='word_1_220' title='bbox 732 2831 772 2865; x_wconf 86' lang='lat' dir='ltr'>ca·</span> <span class='ocrx_word' id='word_1_221' title='bbox 823 2827 944 2882; x_wconf 75' lang='lat' dir='ltr'>surgente,</span> <span class='ocrx_word' id='word_1_222' title='bbox 966 2819 1063 2864; x_wconf 67' lang='lat' dir='ltr'>ciperon</span> <span class='ocrx_word' id='word_1_223' title='bbox 1086 2824 1108 2863; x_wconf 79' lang='grc' dir='ltr'>ιι</span> <span class='ocrx_word' id='word_1_224' title='bbox 1129 2818 1209 2878; x_wconf 80' lang='lat' dir='ltr'>sopitos</span> <span class='ocrx_word' id='word_1_225' title='bbox 1228 2821 1322 2866; x_wconf 79' lang='lat' dir='ltr'>suscitat</span> 
     </span>
     <span class='ocr_line' id='line_1_27' title="bbox 269 2888 1322 2956; baseline -0.002 -15"><span class='ocrx_word' id='word_1_226' title='bbox 269 2891 324 2941; x_wconf 76' lang='lat' dir='ltr'>tnla</span> <span class='ocrx_word' id='word_1_227' title='bbox 344 2891 400 2941; x_wconf 88' lang='lat' dir='ltr'>inde</span> <span class='ocrx_word' id='word_1_228' title='bbox 419 2900 563 2941; x_wconf 72' lang='lat' dir='ltr'>consancta.</span> <span class='ocrx_word' id='word_1_229' title='bbox 598 2891 710 2939; x_wconf 73' lang='lat' dir='ltr'>Reccidit</span> <span class='ocrx_word' id='word_1_230' title='bbox 731 2907 772 2939; x_wconf 90' lang='lat' dir='ltr'>no·</span> <span class='ocrx_word' id='word_1_231' title='bbox 822 2895 902 2956; x_wconf 73' lang='lat' dir='ltr'>igrm,·</span> <span class='ocrx_word' id='word_1_232' title='bbox 920 2891 1015 2945; x_wconf 87' lang='lat' dir='ltr'>Noster,</span> <span class='ocrx_word' id='word_1_233' title='bbox 1024 2888 1090 2937; x_wconf 81' lang='lat' dir='ltr'>Fest.</span> <span class='ocrx_word' id='word_1_234' title='bbox 1102 2890 1201 2938; x_wconf 57' lang='lat' dir='ltr'>voco:</span> <span class='ocrx_word' id='word_1_235' title='bbox 1221 2890 1322 2954; x_wconf 75' lang='lat' dir='ltr'>ignitio</span> 
     </span>
     <span class='ocr_line' id='line_1_28' title="bbox 270 2963 1322 3031; baseline -0.001 -17"><span class='ocrx_word' id='word_1_236' title='bbox 270 2965 358 3014; x_wconf 78' lang='lat' dir='ltr'>manin</span> <span class='ocrx_word' id='word_1_237' title='bbox 369 2964 518 3031; x_wconf 85' lang='lat' dir='ltr'>proverbium</span> <span class='ocrx_word' id='word_1_238' title='bbox 528 2963 597 3021; x_wconf 87' lang='lat' dir='ltr'>abiit,</span> <span class='ocrx_word' id='word_1_239' title='bbox 604 2973 628 3013; x_wconf 86' lang='lat' dir='ltr'>et</span> <span class='ocrx_word' id='word_1_240' title='bbox 635 2979 677 3027; x_wconf 88' lang='lat' dir='ltr'>pro</span> <span class='ocrx_word' id='word_1_241' title='bbox 688 2964 774 3028; x_wconf 87' lang='lat' dir='ltr'>quavis</span> <span class='ocrx_word' id='word_1_242' title='bbox 823 2966 924 3014; x_wconf 77' lang='lat' dir='ltr'>hesterno</span> <span class='ocrx_word' id='word_1_243' title='bbox 935 2966 1011 3026; x_wconf 78' lang='lat' dir='ltr'>stipite</span> <span class='ocrx_word' id='word_1_244' title='bbox 1019 2979 1106 3024; x_wconf 82' lang='lat' dir='ltr'>porrus</span> <span class='ocrx_word' id='word_1_245' title='bbox 1116 2973 1177 3012; x_wconf 81' lang='lat' dir='ltr'>eret.</span> <span class='ocrx_word' id='word_1_246' title='bbox 1199 2963 1250 3028; x_wconf 77' lang='lat' dir='ltr'>Ipse</span> <span class='ocrx_word' id='word_1_247' title='bbox 1259 2982 1322 3030; x_wconf 79' lang='lat' dir='ltr'>gerru</span> 
     </span>
     <span class='ocr_line' id='line_1_29' title="bbox 272 3037 1321 3103; baseline 0.001 -16"><span class='ocrx_word' id='word_1_248' title='bbox 272 3051 320 3087; x_wconf 79' lang='lat' dir='ltr'>anu</span> <span class='ocrx_word' id='word_1_249' title='bbox 338 3038 493 3103; x_wconf 86' lang='lat' dir='ltr'>paupercula,</span> <span class='ocrx_word' id='word_1_250' title='bbox 511 3037 644 3100; x_wconf 86' lang='lat' dir='ltr'>eademque</span> <span class='ocrx_word' id='word_1_251' title='bbox 667 3037 715 3100; x_wconf 87' lang='lat' dir='ltr'>pia,</span> <span class='ocrx_word' id='word_1_252' title='bbox 737 3044 774 3085; x_wconf 86' lang='lat' dir='ltr'>est</span> <span class='ocrx_word' id='word_1_253' title='bbox 820 3042 892 3100; x_wconf 81' lang='lat' dir='ltr'>posito</span> <span class='ocrx_word' id='word_1_254' title='bbox 895 3039 1003 3102; x_wconf 80' lang='lat' dir='ltr'>flammas</span> <span class='ocrx_word' id='word_1_255' title='bbox 1014 3040 1215 3094; x_wconf 69' lang='lat' dir='ltr'>samaritanum,</span> <span class='ocrx_word' id='word_1_256' title='bbox 1227 3038 1258 3086; x_wconf 84' lang='lat' dir='ltr'>Et</span> <span class='ocrx_word' id='word_1_257' title='bbox 1268 3057 1321 3101; x_wconf 71' lang='lat' dir='ltr'>pro</span> 
     </span>
     <span class='ocr_line' id='line_1_30' title="bbox 269 3110 1321 3176; baseline 0 -16"><span class='ocrx_word' id='word_1_258' title='bbox 269 3110 381 3176; x_wconf 87' lang='lat' dir='ltr'>positum.</span> <span class='ocrx_word' id='word_1_259' title='bbox 415 3110 519 3167; x_wconf 86' lang='lat' dir='ltr'>Persius,</span> <span class='ocrx_word' id='word_1_260' title='bbox 533 3112 584 3160; x_wconf 86' lang='lat' dir='ltr'>Sat.</span> <span class='ocrx_word' id='word_1_261' title='bbox 601 3110 635 3158; x_wconf 84' lang='lat' dir='ltr'>ir.</span> <span class='ocrx_word' id='word_1_262' title='bbox 651 3111 691 3157; x_wconf 82' lang='lat'>21.</span> <span class='ocrx_word' id='word_1_263' title='bbox 726 3110 774 3158; x_wconf 78' lang='lat' dir='ltr'>llio</span> <span class='ocrx_word' id='word_1_264' title='bbox 822 3115 964 3175; x_wconf 75' lang='lat' dir='ltr'>nitquasrar</span> <span class='ocrx_word' id='word_1_265' title='bbox 978 3112 1236 3176; x_wconf 72' lang='lat' dir='ltr'>conminuitqussocss.</span> <span class='ocrx_word' id='word_1_266' title='bbox 1261 3113 1321 3160; x_wconf 80' lang='lat' dir='ltr'>Ani-</span> 
     </span>
     <span class='ocr_line' id='line_1_31' title="bbox 270 3182 1322 3251; baseline 0 -18"><span class='ocrx_word' id='word_1_267' title='bbox 270 3196 334 3244; x_wconf 78' lang='lat' dir='ltr'>suat,</span> <span class='ocrx_word' id='word_1_268' title='bbox 344 3195 392 3235; x_wconf 89' lang='lat' dir='ltr'>etc.</span> <span class='ocrx_word' id='word_1_269' title='bbox 409 3183 567 3240; x_wconf 87' lang='lat' dir='ltr'>Claudianus.</span> <span class='ocrx_word' id='word_1_270' title='bbox 580 3183 694 3249; x_wconf 78' lang='lat' dir='ltr'>epigram.</span> <span class='ocrx_word' id='word_1_271' title='bbox 705 3182 771 3232; x_wconf 74' lang='lat' dir='ltr'>iil:</span> <span class='ocrx_word' id='word_1_272' title='bbox 823 3203 861 3235; x_wconf 77' lang='lat' dir='ltr'>arn</span> <span class='ocrx_word' id='word_1_273' title='bbox 880 3189 987 3247; x_wconf 71' lang='grc' dir='ltr'>ριοάιιοὶι</span> <span class='ocrx_word' id='word_1_274' title='bbox 1007 3188 1067 3234; x_wconf 82' lang='lat' dir='ltr'>anili</span> <span class='ocrx_word' id='word_1_275' title='bbox 1087 3184 1230 3251; x_wconf 85' lang='lat' dir='ltr'>exquisitius</span> <span class='ocrx_word' id='word_1_276' title='bbox 1249 3200 1322 3250; x_wconf 89' lang='lat' dir='ltr'>quam</span> 
     </span>
     <span class='ocr_line' id='line_1_32' title="bbox 272 3258 1322 3325; baseline -0.002 -17"><span class='ocrx_word' id='word_1_277' title='bbox 272 3259 347 3317; x_wconf 80' lang='lat' dir='ltr'>Felir,</span> <span class='ocrx_word' id='word_1_278' title='bbox 364 3262 404 3322; x_wconf 83' lang='lat' dir='ltr'>qui</span> <span class='ocrx_word' id='word_1_279' title='bbox 424 3261 507 3320; x_wconf 81' lang='lat' dir='ltr'>patriis</span> <span class='ocrx_word' id='word_1_280' title='bbox 529 3275 600 3306; x_wconf 76' lang='lat' dir='ltr'>evum</span> <span class='ocrx_word' id='word_1_281' title='bbox 621 3259 732 3323; x_wconf 80' lang='lat' dir='ltr'>transegit</span> <span class='ocrx_word' id='word_1_282' title='bbox 748 3260 774 3306; x_wconf 80' lang='lat' dir='ltr'>ie</span> <span class='ocrx_word' id='word_1_283' title='bbox 823 3258 908 3325; x_wconf 84' lang='lat' dir='ltr'>spiritu</span> <span class='ocrx_word' id='word_1_284' title='bbox 925 3258 1025 3308; x_wconf 84' lang='lat' dir='ltr'>suscitat</span> <span class='ocrx_word' id='word_1_285' title='bbox 1042 3258 1126 3308; x_wconf 88' lang='lat' dir='ltr'>debili.</span> <span class='ocrx_word' id='word_1_286' title='bbox 1159 3259 1198 3306; x_wconf 88' lang='lat' dir='ltr'>Ita</span> <span class='ocrx_word' id='word_1_287' title='bbox 1216 3258 1322 3316; x_wconf 83' lang='lat' dir='ltr'>Tacitus,</span> 
     </span>
     <span class='ocr_line' id='line_1_33' title="bbox 271 3331 1322 3396; baseline 0 -17"><span class='ocrx_word' id='word_1_288' title='bbox 271 3331 408 3396; x_wconf 57' lang='lat' dir='ltr'>agrinius</span> <span class='ocrx_word' id='word_1_289' title='bbox 426 3334 505 3379; x_wconf 74' lang='lat' dir='ltr'>domm</span> <span class='ocrx_word' id='word_1_290' title='bbox 516 3347 613 3393; x_wconf 70' lang='grc' dir='ltr'>ριιιιιιιιι</span> <span class='ocrx_word' id='word_1_291' title='bbox 624 3347 688 3393; x_wconf 79' lang='lat' dir='ltr'>qrrrm</span> <span class='ocrx_word' id='word_1_292' title='bbox 704 3333 773 3387; x_wconf 79' lang='lat' dir='ltr'>uidet,</span> <span class='ocrx_word' id='word_1_293' title='bbox 823 3331 890 3381; x_wconf 83' lang='lat' dir='ltr'>Ann.</span> <span class='ocrx_word' id='word_1_294' title='bbox 912 3332 945 3380; x_wconf 85' lang='lat' dir='ltr'>vi.</span> <span class='ocrx_word' id='word_1_295' title='bbox 967 3335 999 3382; x_wconf 87' lang='lat'>9:</span> <span class='ocrx_word' id='word_1_296' title='bbox 1028 3331 1144 3380; x_wconf 81' lang='lat' dir='ltr'>Vertilius</span> <span class='ocrx_word' id='word_1_297' title='bbox 1163 3333 1232 3380; x_wconf 77' lang='lat' dir='ltr'>senili</span> <span class='ocrx_word' id='word_1_298' title='bbox 1251 3349 1322 3379; x_wconf 78' lang='lat' dir='ltr'>marre</span> 
     </span>
     <span class='ocr_line' id='line_1_34' title="bbox 271 3404 1322 3469; baseline -0.003 -11"><span class='ocrx_word' id='word_1_299' title='bbox 271 3406 321 3468; x_wconf 74' lang='lat' dir='ltr'>ipro</span> <span class='ocrx_word' id='word_1_300' title='bbox 335 3421 422 3454; x_wconf 64' lang='lat' dir='ltr'>“nem-¹</span> <span class='ocrx_word' id='word_1_301' title='bbox 441 3405 488 3458; x_wconf 76' lang='lat' dir='ltr'>Qui</span> <span class='ocrx_word' id='word_1_302' title='bbox 506 3405 586 3452; x_wconf 63' lang='grc'><strong>660610</strong></span> <span class='ocrx_word' id='word_1_303' title='bbox 600 3406 774 3468; x_wconf 63' lang='lat' dir='ltr'>hircanisque</span> <span class='ocrx_word' id='word_1_304' title='bbox 824 3406 911 3458; x_wconf 81' lang='lat' dir='ltr'>ferrum</span> <span class='ocrx_word' id='word_1_305' title='bbox 925 3415 1012 3456; x_wconf 88' lang='lat' dir='ltr'>tentat.</span> <span class='ocrx_word' id='word_1_306' title='bbox 1046 3407 1187 3469; x_wconf 76' lang='lat' dir='ltr'>Multifidas,</span> <span class='ocrx_word' id='word_1_307' title='bbox 1199 3404 1224 3453; x_wconf 91' lang='lat' dir='ltr'>in</span> <span class='ocrx_word' id='word_1_308' title='bbox 1234 3407 1322 3455; x_wconf 87' lang='lat' dir='ltr'>multas</span> 
     </span>
     <span class='ocr_line' id='line_1_35' title="bbox 271 3476 1322 3546; baseline 0.002 -20"><span class='ocrx_word' id='word_1_309' title='bbox 271 3481 371 3540; x_wconf 75' lang='lat' dir='ltr'>raptarit</span> <span class='ocrx_word' id='word_1_310' title='bbox 390 3494 469 3534; x_wconf 70' lang='lat' dir='ltr'>enne,</span> <span class='ocrx_word' id='word_1_311' title='bbox 485 3476 561 3525; x_wconf 78' lang='lat' dir='ltr'>Unius</span> <span class='ocrx_word' id='word_1_312' title='bbox 576 3487 682 3525; x_wconf 82' lang='lat' dir='ltr'>numerat</span> <span class='ocrx_word' id='word_1_313' title='bbox 697 3481 774 3528; x_wconf 72' lang='lat' dir='ltr'>uculo</span> <span class='ocrx_word' id='word_1_314' title='bbox 823 3490 903 3546; x_wconf 82' lang='lat' dir='ltr'>partes</span> <span class='ocrx_word' id='word_1_315' title='bbox 920 3481 1013 3530; x_wconf 83' lang='lat' dir='ltr'>scissas.</span> <span class='ocrx_word' id='word_1_316' title='bbox 1047 3481 1118 3529; x_wconf 80' lang='lat' dir='ltr'>Faces</span> <span class='ocrx_word' id='word_1_317' title='bbox 1130 3481 1181 3544; x_wconf 83' lang='lat' dir='ltr'>jam</span> <span class='ocrx_word' id='word_1_318' title='bbox 1198 3496 1271 3545; x_wconf 89' lang='lat' dir='ltr'>supra</span> <span class='ocrx_word' id='word_1_319' title='bbox 1281 3480 1322 3530; x_wconf 81' lang='lat' dir='ltr'>vii.</span> 
     </span>
     <span class='ocr_line' id='line_1_36' title="bbox 272 3551 1322 3620; baseline 0.002 -20"><span class='ocrx_word' id='word_1_320' title='bbox 272 3553 417 3617; x_wconf 74' lang='lat' dir='ltr'>longuessa.</span> <span class='ocrx_word' id='word_1_321' title='bbox 443 3551 772 3617; x_wconf 75' lang='lat' dir='ltr'>Paupertatemquasutendo5</span> <span class='ocrx_word' id='word_1_322' title='bbox 822 3557 880 3606; x_wconf 79' lang='lat'>259.</span> <span class='ocrx_word' id='word_1_323' title='bbox 900 3555 1010 3620; x_wconf 79' lang='lat' dir='ltr'>legimus.</span> <span class='ocrx_word' id='word_1_324' title='bbox 1052 3553 1164 3603; x_wconf 81' lang='lat' dir='ltr'>Heinsius</span> <span class='ocrx_word' id='word_1_325' title='bbox 1190 3562 1260 3619; x_wconf 89' lang='lat' dir='ltr'>putat</span> <span class='ocrx_word' id='word_1_326' title='bbox 1284 3554 1322 3603; x_wconf 89' lang='lat' dir='ltr'>bic</span> 
     </span>
     <span class='ocr_line' id='line_1_37' title="bbox 272 3624 1322 3693; baseline 0 -16"><span class='ocrx_word' id='word_1_327' title='bbox 272 3625 355 3677; x_wconf 81' lang='lat' dir='ltr'>Codex</span> <span class='ocrx_word' id='word_1_328' title='bbox 372 3627 394 3674; x_wconf 89' lang='lat' dir='ltr'>B</span> <span class='ocrx_word' id='word_1_329' title='bbox 410 3626 482 3674; x_wconf 87' lang='lat' dir='ltr'>habet</span> <span class='ocrx_word' id='word_1_330' title='bbox 496 3624 605 3689; x_wconf 79' lang='lat' dir='ltr'>serendo.</span> <span class='ocrx_word' id='word_1_331' title='bbox 630 3625 696 3674; x_wconf 88' lang='lat' dir='ltr'>Dum</span> <span class='ocrx_word' id='word_1_332' title='bbox 707 3627 773 3676; x_wconf 84' lang='lat' dir='ltr'>victu</span> <span class='ocrx_word' id='word_1_333' title='bbox 822 3644 873 3678; x_wconf 87' lang='lat' dir='ltr'>esse</span> <span class='ocrx_word' id='word_1_334' title='bbox 893 3631 957 3678; x_wconf 84' lang='lat' dir='ltr'>taces</span> <span class='ocrx_word' id='word_1_335' title='bbox 977 3627 1085 3677; x_wconf 86' lang='lat' dir='ltr'>concisas</span> <span class='ocrx_word' id='word_1_336' title='bbox 1100 3627 1126 3676; x_wconf 91' lang='lat' dir='ltr'>in</span> <span class='ocrx_word' id='word_1_337' title='bbox 1143 3627 1226 3683; x_wconf 83' lang='lat' dir='ltr'>truste,</span> <span class='ocrx_word' id='word_1_338' title='bbox 1242 3628 1322 3693; x_wconf 89' lang='lat' dir='ltr'>qualia</span> 
     </span>
     <span class='ocr_line' id='line_1_38' title="bbox 272 3698 1322 3766; baseline 0 -16"><span class='ocrx_word' id='word_1_339' title='bbox 272 3710 298 3750; x_wconf 84' lang='lat' dir='ltr'>st</span> <span class='ocrx_word' id='word_1_340' title='bbox 304 3699 372 3749; x_wconf 89' lang='lat' dir='ltr'>cultu</span> <span class='ocrx_word' id='word_1_341' title='bbox 379 3706 543 3763; x_wconf 83' lang='lat' dir='ltr'>paupertatem</span> <span class='ocrx_word' id='word_1_342' title='bbox 544 3698 687 3763; x_wconf 81' lang='lat' dir='ltr'>fatebuntur</span> <span class='ocrx_word' id='word_1_343' title='bbox 695 3700 772 3765; x_wconf 92' lang='lat' dir='ltr'>(quod</span> <span class='ocrx_word' id='word_1_344' title='bbox 822 3709 941 3752; x_wconf 86' lang='lat' dir='ltr'>sarmenta</span> <span class='ocrx_word' id='word_1_345' title='bbox 959 3706 1019 3751; x_wconf 77' lang='lat' dir='ltr'>toerloe</span> <span class='ocrx_word' id='word_1_346' title='bbox 1035 3703 1125 3750; x_wconf 71' lang='lat' dir='ltr'>xlidie</span> <span class='ocrx_word' id='word_1_347' title='bbox 1141 3701 1322 3766; x_wconf 87' lang='lat' dir='ltr'>appellantura</span> 
     </span>
     <span class='ocr_line' id='line_1_39' title="bbox 273 3771 1320 3840; baseline 0 -16"><span class='ocrx_word' id='word_1_348' title='bbox 273 3773 350 3824; x_wconf 80' lang='lat' dir='ltr'>omma</span> <span class='ocrx_word' id='word_1_349' title='bbox 364 3772 403 3821; x_wconf 89' lang='lat' dir='ltr'>bic</span> <span class='ocrx_word' id='word_1_350' title='bbox 420 3773 486 3821; x_wconf 90' lang='lat' dir='ltr'>locus</span> <span class='ocrx_word' id='word_1_351' title='bbox 497 3771 616 3835; x_wconf 86' lang='lat' dir='ltr'>declarat)</span> <span class='ocrx_word' id='word_1_352' title='bbox 629 3789 718 3839; x_wconf 88' lang='lat' dir='ltr'>suoque</span> <span class='ocrx_word' id='word_1_353' title='bbox 730 3775 773 3823; x_wconf 88' lang='lat' dir='ltr'>ba·</span> <span class='ocrx_word' id='word_1_354' title='bbox 823 3776 941 3834; x_wconf 82' lang='lat' dir='ltr'>Vitruvio,</span> <span class='ocrx_word' id='word_1_355' title='bbox 964 3776 1005 3824; x_wconf 89' lang='lat' dir='ltr'>vii.</span> <span class='ocrx_word' id='word_1_356' title='bbox 1031 3779 1069 3824; x_wconf 91' lang='lat'>10.</span> <span class='ocrx_word' id='word_1_357' title='bbox 1106 3777 1191 3836; x_wconf 73' lang='lat' dir='ltr'>true,</span> <span class='ocrx_word' id='word_1_358' title='bbox 1218 3791 1320 3840; x_wconf 86' lang='lat' dir='ltr'>namque</span> 
     </span>
     <span class='ocr_line' id='line_1_40' title="bbox 272 3845 1321 3913; baseline 0.002 -18"><span class='ocrx_word' id='word_1_359' title='bbox 272 3847 326 3895; x_wconf 90' lang='lat' dir='ltr'>bitu</span> <span class='ocrx_word' id='word_1_360' title='bbox 335 3845 409 3894; x_wconf 81' lang='grc' dir='ltr'>ιίιιιιιι</span> <span class='ocrx_word' id='word_1_361' title='bbox 423 3846 550 3910; x_wconf 79' lang='lat' dir='ltr'>degebant,</span> <span class='ocrx_word' id='word_1_362' title='bbox 562 3855 725 3912; x_wconf 87' lang='lat' dir='ltr'>paupertatem</span> <span class='ocrx_word' id='word_1_363' title='bbox 736 3849 771 3898; x_wconf 85' lang='lat' dir='ltr'>le·</span> <span class='ocrx_word' id='word_1_364' title='bbox 824 3850 919 3899; x_wconf 88' lang='lat' dir='ltr'>additur</span> <span class='ocrx_word' id='word_1_365' title='bbox 936 3852 1030 3905; x_wconf 82' lang='lat' dir='ltr'>minuit,</span> <span class='ocrx_word' id='word_1_366' title='bbox 1049 3848 1074 3898; x_wconf 92' lang='lat' dir='ltr'>id</span> <span class='ocrx_word' id='word_1_367' title='bbox 1093 3857 1138 3905; x_wconf 89' lang='lat' dir='ltr'>est,</span> <span class='ocrx_word' id='word_1_368' title='bbox 1152 3847 1242 3913; x_wconf 77' lang='lat' dir='ltr'>trangit</span> <span class='ocrx_word' id='word_1_369' title='bbox 1258 3848 1321 3897; x_wconf 89' lang='lat' dir='ltr'>etin</span> 
     </span>
     <span class='ocr_line' id='line_1_41' title="bbox 273 3922 1321 3988; baseline 0 -18"><span class='ocrx_word' id='word_1_370' title='bbox 273 3929 357 3970; x_wconf 91' lang='lat' dir='ltr'>cerunt</span> <span class='ocrx_word' id='word_1_371' title='bbox 372 3937 417 3968; x_wconf 81' lang='lat' dir='ltr'>noo</span> <span class='ocrx_word' id='word_1_372' title='bbox 432 3923 512 3984; x_wconf 66' lang='lat' dir='ltr'>iniquae</span> <span class='ocrx_word' id='word_1_373' title='bbox 525 3930 598 3969; x_wconf 79' lang='lat' dir='ltr'>mente</span> <span class='ocrx_word' id='word_1_374' title='bbox 603 3922 736 3987; x_wconf 66' lang='lat' dir='ltr'>senatulum,</span> <span class='ocrx_word' id='word_1_375' title='bbox 747 3922 773 3971; x_wconf 90' lang='lat' dir='ltr'>id</span> <span class='ocrx_word' id='word_1_376' title='bbox 824 3922 898 3973; x_wconf 81' lang='lat' dir='ltr'>truste</span> <span class='ocrx_word' id='word_1_377' title='bbox 908 3923 1020 3978; x_wconf 86' lang='lat' dir='ltr'>concidit,</span> <span class='ocrx_word' id='word_1_378' title='bbox 1032 3923 1096 3988; x_wconf 83' lang='lat' dir='ltr'>quod</span> <span class='ocrx_word' id='word_1_379' title='bbox 1104 3923 1202 3971; x_wconf 87' lang='lat' dir='ltr'>verbum</span> <span class='ocrx_word' id='word_1_380' title='bbox 1216 3923 1247 3971; x_wconf 88' lang='lat' dir='ltr'>ad</span> <span class='ocrx_word' id='word_1_381' title='bbox 1259 3924 1321 3971; x_wconf 81' lang='lat' dir='ltr'>taces</span> 
     </span>
     <span class='ocr_line' id='line_1_42' title="bbox 272 3994 1320 4062; baseline -0.003 -16"><span class='ocrx_word' id='word_1_382' title='bbox 272 4005 318 4052; x_wconf 77' lang='lat' dir='ltr'>est,</span> <span class='ocrx_word' id='word_1_383' title='bbox 331 3994 487 4045; x_wconf 86' lang='lat' dir='ltr'>tolerabilem.</span> <span class='ocrx_word' id='word_1_384' title='bbox 520 3994 569 4052; x_wconf 84' lang='lat' dir='ltr'>Qui</span> <span class='ocrx_word' id='word_1_385' title='bbox 584 4005 665 4045; x_wconf 89' lang='lat' dir='ltr'>contra</span> <span class='ocrx_word' id='word_1_386' title='bbox 681 4013 772 4062; x_wconf 88' lang='lat' dir='ltr'>pauper</span> <span class='ocrx_word' id='word_1_387' title='bbox 822 4013 869 4047; x_wconf 90' lang='lat' dir='ltr'>non</span> <span class='ocrx_word' id='word_1_388' title='bbox 886 3998 1056 4061; x_wconf 82' lang='lat' dir='ltr'>minus,quan1</span> <span class='ocrx_word' id='word_1_389' title='bbox 1072 3997 1103 4046; x_wconf 91' lang='lat' dir='ltr'>ad</span> <span class='ocrx_word' id='word_1_390' title='bbox 1117 3999 1214 4045; x_wconf 75' lang='lat' dir='ltr'>scurolis</span> <span class='ocrx_word' id='word_1_391' title='bbox 1226 3997 1265 4062; x_wconf 87' lang='lat' dir='ltr'>(id</span> <span class='ocrx_word' id='word_1_392' title='bbox 1277 4004 1320 4053; x_wconf 84' lang='lat' dir='ltr'>est,</span> 
     </span>
     <span class='ocr_line' id='line_1_43' title="bbox 271 4067 1320 4136; baseline 0 -18"><span class='ocrx_word' id='word_1_393' title='bbox 271 4078 392 4136; x_wconf 85' lang='lat' dir='ltr'>potentem</span> <span class='ocrx_word' id='word_1_394' title='bbox 413 4067 519 4118; x_wconf 87' lang='lat' dir='ltr'>imitatur</span> <span class='ocrx_word' id='word_1_395' title='bbox 538 4069 665 4136; x_wconf 86' lang='lat' dir='ltr'>divitisque</span> <span class='ocrx_word' id='word_1_396' title='bbox 686 4087 772 4120; x_wconf 90' lang='lat' dir='ltr'>nomen</span> <span class='ocrx_word' id='word_1_397' title='bbox 822 4086 899 4120; x_wconf 86' lang='lat' dir='ltr'>ramos</span> <span class='ocrx_word' id='word_1_398' title='bbox 911 4071 996 4129; x_wconf 88' lang='lat' dir='ltr'>aridos,</span> <span class='ocrx_word' id='word_1_399' title='bbox 1008 4071 1071 4120; x_wconf 89' lang='lat' dir='ltr'>unde</span> <span class='ocrx_word' id='word_1_400' title='bbox 1081 4071 1147 4119; x_wconf 90' lang='lat' dir='ltr'>Pers.</span> <span class='ocrx_word' id='word_1_401' title='bbox 1158 4088 1182 4119; x_wconf 84' lang='grc' dir='ltr'>ν.</span> <span class='ocrx_word' id='word_1_402' title='bbox 1193 4073 1235 4120; x_wconf 92' lang='grc'><strong>69.</strong></span> <span class='ocrx_word' id='word_1_403' title='bbox 1247 4087 1320 4120; x_wconf 90' lang='lat' dir='ltr'>mem-</span> 
     </span>
     <span class='ocr_line' id='line_1_44' title="bbox 272 4142 1321 4215; baseline -0.001 -21"><span class='ocrx_word' id='word_1_404' title='bbox 272 4143 377 4202; x_wconf 78' lang='lat' dir='ltr'>adeetat,</span> <span class='ocrx_word' id='word_1_405' title='bbox 391 4159 503 4210; x_wconf 81' lang='lat' dir='ltr'>magnum</span> <span class='ocrx_word' id='word_1_406' title='bbox 522 4142 568 4193; x_wconf 86' lang='lat' dir='ltr'>sibi</span> <span class='ocrx_word' id='word_1_407' title='bbox 585 4144 686 4210; x_wconf 88' lang='lat' dir='ltr'>imponit</span> <span class='ocrx_word' id='word_1_408' title='bbox 703 4161 772 4195; x_wconf 86' lang='lat' dir='ltr'>onus.</span> <span class='ocrx_word' id='word_1_409' title='bbox 821 4146 865 4215; x_wconf 84' lang='lat' dir='ltr'>bra</span> <span class='ocrx_word' id='word_1_410' title='bbox 876 4146 952 4207; x_wconf 76' lang='lat' dir='ltr'>tracta</span> <span class='ocrx_word' id='word_1_411' title='bbox 961 4161 1045 4196; x_wconf 82' lang='lat' dir='ltr'>senum</span> <span class='ocrx_word' id='word_1_412' title='bbox 1056 4144 1179 4196; x_wconf 83' lang='lat' dir='ltr'>commode</span> <span class='ocrx_word' id='word_1_413' title='bbox 1193 4144 1227 4196; x_wconf 87' lang='lat' dir='ltr'>ita</span> <span class='ocrx_word' id='word_1_414' title='bbox 1239 4144 1321 4213; x_wconf 85' lang='lat' dir='ltr'>appel·</span> 
     </span>
    </p>
   </div>
   <div class='ocr_carea' id='block_1_4' title="bbox 0 0 1393 5004">
    <p class='ocr_par' dir='ltr' id='par_1_5' title="bbox 0 0 1393 5004">
     <span class='ocr_line' id='line_1_45' title="bbox 0 0 1393 5004; baseline 0 0"><span class='ocrx_word' id='word_1_415' title='bbox 0 0 1393 5004; x_wconf 95' lang='lat' dir='ltr'> </span> 
     </span>
    </p>
   </div>
  </div>
 </body>
</html>
