<?xml version="1.0" encoding="UTF-8"?>
<!DOCTYPE html PUBLIC "-//W3C//DTD XHTML 1.0 Transitional//EN"
    "http://www.w3.org/TR/xhtml1/DTD/xhtml1-transitional.dtd">
<html xmlns="http://www.w3.org/1999/xhtml" xml:lang="en" lang="en">
 <head>
  <title>
</title>
<meta http-equiv="Content-Type" content="text/html;charset=utf-8" />
  <meta name='ocr-system' content='tesseract 3.04.00' />
  <meta name='ocr-capabilities' content='ocr_page ocr_carea ocr_par ocr_line ocrx_word'/>
</head>
<body>
  <div class='ocr_page' id='page_1' title='image "./povidiinasoniso05burmgoog_0327.png"; bbox 0 0 2774 5004; ppageno 0'>
   <div class='ocr_carea' id='block_1_1' title="bbox 172 330 949 405">
    <p class='ocr_par' dir='ltr' id='par_1_1' title="bbox 172 330 949 405">
     <span class='ocr_line' id='line_1_1' title="bbox 172 330 949 405; baseline -0.013 0"><span class='ocrx_word' id='word_1_1' title='bbox 172 337 238 405; x_wconf 67' lang='lat'>82⁰</span> <span class='ocrx_word' id='word_1_2' title='bbox 467 334 507 399; x_wconf 88' lang='grc' dir='ltr'>Ρ.</span> <span class='ocrx_word' id='word_1_3' title='bbox 529 332 691 400; x_wconf 87' lang='lat' dir='ltr'>OVIDII</span> <span class='ocrx_word' id='word_1_4' title='bbox 716 330 949 400; x_wconf 72' lang='lat' dir='ltr'><strong>NASONIS⁷</strong></span> 
     </span>
    </p>
   </div>
   <div class='ocr_carea' id='block_1_2' title="bbox 168 502 1228 2556">
    <p class='ocr_par' dir='ltr' id='par_1_2' title="bbox 168 502 1228 2326">
     <span class='ocr_line' id='line_1_2' title="bbox 170 502 1213 602; baseline -0.009 -20"><span class='ocrx_word' id='word_1_5' title='bbox 170 509 299 594; x_wconf 86' lang='lat' dir='ltr'>Quum</span> <span class='ocrx_word' id='word_1_6' title='bbox 316 518 357 582; x_wconf 90' lang='lat' dir='ltr'>tu</span> <span class='ocrx_word' id='word_1_7' title='bbox 374 518 480 602; x_wconf 82' lang='lat' dir='ltr'>terga</span> <span class='ocrx_word' id='word_1_8' title='bbox 496 508 623 593; x_wconf 79' lang='lat' dir='ltr'>dares,</span> <span class='ocrx_word' id='word_1_9' title='bbox 637 506 915 600; x_wconf 81' lang='lat' dir='ltr'><strong>inhonestaque</strong></span> <span class='ocrx_word' id='word_1_10' title='bbox 931 502 1017 576; x_wconf 81' lang='lat' dir='ltr'>¹vela</span> <span class='ocrx_word' id='word_1_11' title='bbox 1034 522 1213 600; x_wconf 70' lang='lat' dir='ltr'>parares·</span> 
     </span>
     <span class='ocr_line' id='line_1_3' title="bbox 171 615 1209 716; baseline -0.009 -20"><span class='ocrx_word' id='word_1_12' title='bbox 171 622 207 696; x_wconf 92' lang='lat' dir='ltr'><strong>N</strong></span> <span class='ocrx_word' id='word_1_13' title='bbox 211 647 254 698; x_wconf 92' lang='lat' dir='ltr'>ec</span> <span class='ocrx_word' id='word_1_14' title='bbox 272 645 390 708; x_wconf 82' lang='lat' dir='ltr'>mora,</span> <span class='ocrx_word' id='word_1_15' title='bbox 403 631 427 661; x_wconf 81' lang='lat'>‘⁴</span> <span class='ocrx_word' id='word_1_16' title='bbox 440 620 542 705; x_wconf 86' lang='lat' dir='ltr'>Quid</span> <span class='ocrx_word' id='word_1_17' title='bbox 554 620 704 696; x_wconf 78' lang='lat' dir='ltr'>facitis?</span> <span class='ocrx_word' id='word_1_18' title='bbox 722 643 808 716; x_wconf 84' lang='lat' dir='ltr'>quae</span> <span class='ocrx_word' id='word_1_19' title='bbox 821 643 888 692; x_wconf 88' lang='lat' dir='ltr'>vos</span> <span class='ocrx_word' id='word_1_20' title='bbox 900 617 1112 702; x_wconf 88' lang='lat' dir='ltr'>dementia,</span> <span class='ocrx_word' id='word_1_21' title='bbox 1127 615 1209 700; x_wconf 82' lang='lat' dir='ltr'>dixi,</span> 
     </span>
     <span class='ocr_line' id='line_1_4' title="bbox 171 721 1228 833; baseline -0.009 -21"><span class='ocrx_word' id='word_1_22' title='bbox 171 735 361 822; x_wconf 74' lang='lat' dir='ltr'>Concitet,</span> <span class='ocrx_word' id='word_1_23' title='bbox 380 760 403 809; x_wconf 94' lang='lat' dir='ltr'>o</span> <span class='ocrx_word' id='word_1_24' title='bbox 421 735 525 821; x_wconf 91' lang='lat' dir='ltr'>socii,</span> <span class='ocrx_word' id='word_1_25' title='bbox 546 746 697 833; x_wconf 86' lang='lat' dir='ltr'>captam</span> <span class='ocrx_word' id='word_1_26' title='bbox 714 734 904 808; x_wconf 83' lang='lat' dir='ltr'>dimittere</span> <span class='ocrx_word' id='word_1_27' title='bbox 922 731 1107 829; x_wconf 75' lang='lat' dir='ltr'>Trojnmi</span> <span class='ocrx_word' id='word_1_28' title='bbox 1146 721 1228 803; x_wconf 77' lang='lat'>226&#39;</span> 
     </span>
     <span class='ocr_line' id='line_1_5' title="bbox 170 844 1211 936; baseline -0.006 -13"><span class='ocrx_word' id='word_1_29' title='bbox 170 850 318 936; x_wconf 84' lang='lat' dir='ltr'>Quidve</span> <span class='ocrx_word' id='word_1_30' title='bbox 328 850 482 924; x_wconf 90' lang='lat' dir='ltr'>domum</span> <span class='ocrx_word' id='word_1_31' title='bbox 491 850 600 924; x_wconf 74' lang='lat' dir='ltr'>fertis</span> <span class='ocrx_word' id='word_1_32' title='bbox 616 849 776 935; x_wconf 87' lang='lat' dir='ltr'>decimo,</span> <span class='ocrx_word' id='word_1_33' title='bbox 790 847 862 922; x_wconf 86' lang='lat' dir='ltr'>nisi</span> <span class='ocrx_word' id='word_1_34' title='bbox 873 847 1059 933; x_wconf 90' lang='lat' dir='ltr'>dedecus,</span> <span class='ocrx_word' id='word_1_35' title='bbox 1074 870 1171 922; x_wconf 90' lang='lat' dir='ltr'>anno</span> <span class='ocrx_word' id='word_1_36' title='bbox 1180 844 1211 916; x_wconf 70' lang='lat' dir='ltr'>T&#39;</span> 
     </span>
     <span class='ocr_line' id='line_1_6' title="bbox 169 963 1162 1063; baseline -0.001 -26"><span class='ocrx_word' id='word_1_37' title='bbox 169 964 326 1038; x_wconf 79' lang='lat' dir='ltr'>Talibus</span> <span class='ocrx_word' id='word_1_38' title='bbox 343 976 459 1063; x_wconf 86' lang='lat' dir='ltr'>atque</span> <span class='ocrx_word' id='word_1_39' title='bbox 477 965 572 1051; x_wconf 91' lang='lat' dir='ltr'>aliis,</span> <span class='ocrx_word' id='word_1_40' title='bbox 590 966 630 1042; x_wconf 67' lang='lat' dir='ltr'>⁴in</span> <span class='ocrx_word' id='word_1_41' title='bbox 645 989 730 1062; x_wconf 85' lang='lat' dir='ltr'>quoe</span> <span class='ocrx_word' id='word_1_42' title='bbox 748 964 854 1038; x_wconf 92' lang='lat' dir='ltr'>dolor</span> <span class='ocrx_word' id='word_1_43' title='bbox 872 964 954 1062; x_wconf 92' lang='lat' dir='ltr'>ipse</span> <span class='ocrx_word' id='word_1_44' title='bbox 972 963 1162 1037; x_wconf 90' lang='lat' dir='ltr'>disertum</span> 
     </span>
     <span class='ocr_line' id='line_1_7' title="bbox 172 1076 1065 1178; baseline -0.002 -25"><span class='ocrx_word' id='word_1_45' title='bbox 172 1080 342 1166; x_wconf 81' lang='lat' dir='ltr'>Fecerat,</span> <span class='ocrx_word' id='word_1_46' title='bbox 363 1104 512 1154; x_wconf 87' lang='lat' dir='ltr'>aversos</span> <span class='ocrx_word' id='word_1_47' title='bbox 530 1079 690 1178; x_wconf 85' lang='lat' dir='ltr'>profuga</span> <span class='ocrx_word' id='word_1_48' title='bbox 701 1080 755 1154; x_wconf 52' lang='lat' dir='ltr'>&gt;de</span> <span class='ocrx_word' id='word_1_49' title='bbox 773 1080 896 1153; x_wconf 89' lang='lat' dir='ltr'>classe</span> <span class='ocrx_word' id='word_1_50' title='bbox 912 1076 1065 1152; x_wconf 87' lang='lat' dir='ltr'>reduxi.</span> 
     </span>
     <span class='ocr_line' id='line_1_8' title="bbox 170 1194 1210 1291; baseline -0.004 -23"><span class='ocrx_word' id='word_1_51' title='bbox 170 1195 365 1269; x_wconf 86' lang='lat' dir='ltr'>Convocat</span> <span class='ocrx_word' id='word_1_52' title='bbox 381 1194 535 1268; x_wconf 83' lang='lat' dir='ltr'>Atrides</span> <span class='ocrx_word' id='word_1_53' title='bbox 553 1195 674 1270; x_wconf 89' lang='lat' dir='ltr'>socios</span> <span class='ocrx_word' id='word_1_54' title='bbox 693 1206 834 1268; x_wconf 91' lang='lat' dir='ltr'>terrore</span> <span class='ocrx_word' id='word_1_55' title='bbox 851 1203 1059 1291; x_wconf 89' lang='lat' dir='ltr'>paventes:</span> <span class='ocrx_word' id='word_1_56' title='bbox 1145 1195 1210 1264; x_wconf 87' lang='grc'>230</span> 
     </span>
     <span class='ocr_line' id='line_1_9' title="bbox 171 1306 1201 1405; baseline -0.003 -23"><span class='ocrx_word' id='word_1_57' title='bbox 171 1309 254 1384; x_wconf 90' lang='lat' dir='ltr'>Nec</span> <span class='ocrx_word' id='word_1_58' title='bbox 272 1309 559 1384; x_wconf 83' lang='lat' dir='ltr'>Telamoniades</span> <span class='ocrx_word' id='word_1_59' title='bbox 577 1310 692 1384; x_wconf 89' lang='lat' dir='ltr'>etiam</span> <span class='ocrx_word' id='word_1_60' title='bbox 710 1333 810 1382; x_wconf 89' lang='lat' dir='ltr'>nunc</span> <span class='ocrx_word' id='word_1_61' title='bbox 829 1309 976 1382; x_wconf 85' lang='lat' dir='ltr'>hiscere</span> <span class='ocrx_word' id='word_1_62' title='bbox 994 1306 1201 1405; x_wconf 86' lang='lat' dir='ltr'>quidquam</span> 
     </span>
     <span class='ocr_line' id='line_1_10' title="bbox 168 1421 1069 1521; baseline -0.002 -24"><span class='ocrx_word' id='word_1_63' title='bbox 168 1424 303 1513; x_wconf 89' lang='lat' dir='ltr'>Ausit;</span> <span class='ocrx_word' id='word_1_64' title='bbox 333 1436 372 1499; x_wconf 87' lang='lat' dir='ltr'>at</span> <span class='ocrx_word' id='word_1_65' title='bbox 388 1449 503 1499; x_wconf 89' lang='lat' dir='ltr'>ausus</span> <span class='ocrx_word' id='word_1_66' title='bbox 521 1436 602 1500; x_wconf 89' lang='lat' dir='ltr'>erat</span> <span class='ocrx_word' id='word_1_67' title='bbox 618 1448 726 1521; x_wconf 84' lang='lat' dir='ltr'>reges</span> <span class='ocrx_word' id='word_1_68' title='bbox 744 1425 934 1498; x_wconf 86' lang='lat' dir='ltr'>incessere</span> <span class='ocrx_word' id='word_1_69' title='bbox 951 1421 1069 1496; x_wconf 91' lang='lat' dir='ltr'>dictis</span> 
     </span>
     <span class='ocr_line' id='line_1_11' title="bbox 168 1538 1188 1638; baseline -0.002 -27"><span class='ocrx_word' id='word_1_70' title='bbox 168 1538 376 1626; x_wconf 86' lang='lat' dir='ltr'>Thersites,</span> <span class='ocrx_word' id='word_1_71' title='bbox 391 1540 506 1614; x_wconf 88' lang='lat' dir='ltr'>etiam</span> <span class='ocrx_word' id='word_1_72' title='bbox 523 1564 591 1638; x_wconf 91' lang='lat' dir='ltr'>per</span> <span class='ocrx_word' id='word_1_73' title='bbox 608 1565 669 1616; x_wconf 91' lang='lat' dir='ltr'>me</span> <span class='ocrx_word' id='word_1_74' title='bbox 686 1540 788 1615; x_wconf 90' lang='lat' dir='ltr'>haud</span> <span class='ocrx_word' id='word_1_75' title='bbox 804 1538 972 1636; x_wconf 89' lang='lat' dir='ltr'>impune,</span> <span class='ocrx_word' id='word_1_76' title='bbox 993 1538 1188 1636; x_wconf 87' lang='lat' dir='ltr'>protervis.</span> 
     </span>
     <span class='ocr_line' id='line_1_12' title="bbox 170 1652 1115 1755; baseline -0.001 -29"><span class='ocrx_word' id='word_1_77' title='bbox 170 1652 317 1752; x_wconf 88' lang='lat' dir='ltr'>Erigor,</span> <span class='ocrx_word' id='word_1_78' title='bbox 336 1667 376 1730; x_wconf 86' lang='lat' dir='ltr'>et</span> <span class='ocrx_word' id='word_1_79' title='bbox 392 1657 560 1755; x_wconf 91' lang='lat' dir='ltr'>trepidos</span> <span class='ocrx_word' id='word_1_80' title='bbox 577 1658 678 1732; x_wconf 86' lang='lat' dir='ltr'>cives</span> <span class='ocrx_word' id='word_1_81' title='bbox 697 1657 874 1732; x_wconf 77' lang='lat' dir='ltr'>exhortor</span> <span class='ocrx_word' id='word_1_82' title='bbox 891 1655 929 1727; x_wconf 93' lang='lat' dir='ltr'>in</span> <span class='ocrx_word' id='word_1_83' title='bbox 947 1653 1115 1742; x_wconf 88' lang='lat' dir='ltr'>hostem,</span> 
     </span>
     <span class='ocr_line' id='line_1_13' title="bbox 168 1768 1209 1868; baseline -0.002 -26"><span class='ocrx_word' id='word_1_84' title='bbox 168 1768 435 1868; x_wconf 83' lang='lat' dir='ltr'>Amissamque</span> <span class='ocrx_word' id='word_1_85' title='bbox 453 1772 730 1846; x_wconf 81' lang='lat' dir='ltr'>meavirtutem</span> <span class='ocrx_word' id='word_1_86' title='bbox 746 1794 838 1845; x_wconf 90' lang='lat' dir='ltr'>voce</span> <span class='ocrx_word' id='word_1_87' title='bbox 853 1790 1030 1866; x_wconf 87' lang='lat' dir='ltr'>reposco.</span> <span class='ocrx_word' id='word_1_88' title='bbox 1144 1771 1209 1841; x_wconf 85' lang='grc'>235</span> 
     </span>
     <span class='ocr_line' id='line_1_14' title="bbox 168 1882 1207 1983; baseline 0 -29"><span class='ocrx_word' id='word_1_89' title='bbox 168 1882 354 1982; x_wconf 89' lang='lat' dir='ltr'>Tempore</span> <span class='ocrx_word' id='word_1_90' title='bbox 370 1886 418 1958; x_wconf 91' lang='lat' dir='ltr'>ab</span> <span class='ocrx_word' id='word_1_91' title='bbox 431 1885 515 1971; x_wconf 89' lang='lat' dir='ltr'>hoc,</span> <span class='ocrx_word' id='word_1_92' title='bbox 528 1885 784 1983; x_wconf 88' lang='lat' dir='ltr'>quodeunque</span> <span class='ocrx_word' id='word_1_93' title='bbox 802 1893 927 1982; x_wconf 91' lang='lat' dir='ltr'>potest</span> <span class='ocrx_word' id='word_1_94' title='bbox 945 1882 1087 1959; x_wconf 85' lang='lat' dir='ltr'>fecisse</span> <span class='ocrx_word' id='word_1_95' title='bbox 1101 1882 1207 1958; x_wconf 83' lang='lat' dir='ltr'>videri</span> 
     </span>
     <span class='ocr_line' id='line_1_15' title="bbox 170 1996 1206 2098; baseline -0.002 -28"><span class='ocrx_word' id='word_1_96' title='bbox 170 1996 331 2072; x_wconf 89' lang='lat' dir='ltr'>Fortiter</span> <span class='ocrx_word' id='word_1_97' title='bbox 348 1999 432 2085; x_wconf 91' lang='lat' dir='ltr'>iste,</span> <span class='ocrx_word' id='word_1_98' title='bbox 447 2024 573 2074; x_wconf 92' lang='lat' dir='ltr'>meum</span> <span class='ocrx_word' id='word_1_99' title='bbox 590 2013 660 2089; x_wconf 91' lang='lat' dir='ltr'>est,</span> <span class='ocrx_word' id='word_1_100' title='bbox 681 2001 747 2098; x_wconf 94' lang='lat' dir='ltr'>qui</span> <span class='ocrx_word' id='word_1_101' title='bbox 764 2000 918 2073; x_wconf 91' lang='lat' dir='ltr'>dantem</span> <span class='ocrx_word' id='word_1_102' title='bbox 933 2007 1045 2093; x_wconf 88' lang='lat' dir='ltr'>terga</span> <span class='ocrx_word' id='word_1_103' title='bbox 1059 1998 1206 2072; x_wconf 83' lang='lat' dir='ltr'>retraxi.</span> 
     </span>
     <span class='ocr_line' id='line_1_16' title="bbox 170 2110 1151 2213; baseline 0.002 -29"><span class='ocrx_word' id='word_1_104' title='bbox 170 2110 347 2208; x_wconf 89' lang='lat' dir='ltr'>Denique</span> <span class='ocrx_word' id='word_1_105' title='bbox 361 2113 411 2186; x_wconf 91' lang='lat' dir='ltr'>de</span> <span class='ocrx_word' id='word_1_106' title='bbox 429 2113 572 2188; x_wconf 87' lang='lat' dir='ltr'>Danais</span> <span class='ocrx_word' id='word_1_107' title='bbox 586 2115 673 2213; x_wconf 92' lang='lat' dir='ltr'>quis</span> <span class='ocrx_word' id='word_1_108' title='bbox 691 2126 730 2188; x_wconf 88' lang='lat' dir='ltr'>te</span> <span class='ocrx_word' id='word_1_109' title='bbox 748 2114 934 2200; x_wconf 86' lang='lat' dir='ltr'>laudatve,</span> <span class='ocrx_word' id='word_1_110' title='bbox 953 2113 1125 2210; x_wconf 77' lang='lat' dir='ltr'>petitvel</span> <span class='ocrx_word' id='word_1_111' title='bbox 1145 2136 1151 2179; x_wconf 88' lang='lat'><strong>:</strong></span> 
     </span>
     <span class='ocr_line' id='line_1_17' title="bbox 169 2225 1064 2326; baseline 0.004 -28"><span class='ocrx_word' id='word_1_112' title='bbox 169 2225 223 2299; x_wconf 88' lang='lat' dir='ltr'>At</span> <span class='ocrx_word' id='word_1_113' title='bbox 239 2249 308 2301; x_wconf 88' lang='lat' dir='ltr'>sua</span> <span class='ocrx_word' id='word_1_114' title='bbox 325 2226 494 2326; x_wconf 86' lang='lat' dir='ltr'>Tydides</span> <span class='ocrx_word' id='word_1_115' title='bbox 513 2252 661 2305; x_wconf 88' lang='lat' dir='ltr'>mecum</span> <span class='ocrx_word' id='word_1_116' title='bbox 676 2230 929 2306; x_wconf 89' lang='lat' dir='ltr'>communicat</span> <span class='ocrx_word' id='word_1_117' title='bbox 946 2239 1033 2302; x_wconf 87' lang='lat' dir='ltr'>acta</span> <span class='ocrx_word' id='word_1_118' title='bbox 1052 2256 1064 2317; x_wconf 91' lang='lat'>;</span> 
     </span>
    </p>

    <p class='ocr_par' dir='ltr' id='par_1_3' title="bbox 168 2339 1209 2556">
     <span class='ocr_line' id='line_1_18' title="bbox 169 2339 1209 2444; baseline 0.003 -30"><span class='ocrx_word' id='word_1_119' title='bbox 169 2339 237 2415; x_wconf 88' lang='lat' dir='ltr'>Me</span> <span class='ocrx_word' id='word_1_120' title='bbox 248 2344 410 2440; x_wconf 87' lang='lat' dir='ltr'>probat;</span> <span class='ocrx_word' id='word_1_121' title='bbox 438 2345 599 2434; x_wconf 78' lang='lat' dir='ltr'>etsooio</span> <span class='ocrx_word' id='word_1_122' title='bbox 615 2370 766 2444; x_wconf 88' lang='lat' dir='ltr'>semper</span> <span class='ocrx_word' id='word_1_123' title='bbox 781 2345 938 2421; x_wconf 87' lang='lat' dir='ltr'>confidit</span> <span class='ocrx_word' id='word_1_124' title='bbox 957 2342 1098 2417; x_wconf 74' lang='lat' dir='ltr'>Ulixe:</span> <span class='ocrx_word' id='word_1_125' title='bbox 1142 2346 1209 2417; x_wconf 82' lang='lat'>240</span> 
     </span>
     <span class='ocr_line' id='line_1_19' title="bbox 168 2454 1091 2556; baseline 0.001 -26"><span class='ocrx_word' id='word_1_126' title='bbox 168 2454 239 2530; x_wconf 86' lang='lat' dir='ltr'>Est</span> <span class='ocrx_word' id='word_1_127' title='bbox 254 2457 409 2556; x_wconf 90' lang='lat' dir='ltr'>aliquid,</span> <span class='ocrx_word' id='word_1_128' title='bbox 429 2457 478 2535; x_wconf 89' lang='lat' dir='ltr'>de</span> <span class='ocrx_word' id='word_1_129' title='bbox 492 2470 550 2534; x_wconf 91' lang='lat' dir='ltr'>tot</span> <span class='ocrx_word' id='word_1_130' title='bbox 568 2460 766 2535; x_wconf 89' lang='lat' dir='ltr'>Graiorum</span> <span class='ocrx_word' id='word_1_131' title='bbox 785 2459 951 2532; x_wconf 92' lang='lat' dir='ltr'>millibus</span> <span class='ocrx_word' id='word_1_132' title='bbox 970 2482 1091 2531; x_wconf 90' lang='lat' dir='ltr'>unum</span> 
     </span>
    </p>
   </div>
   <div class='ocr_carea' id='block_1_3' title="bbox 164 2672 1213 4216">
    <p class='ocr_par' dir='ltr' id='par_1_4' title="bbox 164 2672 1212 3108">
     <span class='ocr_line' id='line_1_20' title="bbox 198 2672 1211 2741; baseline 0 -19"><span class='ocrx_word' id='word_1_133' title='bbox 198 2673 258 2723; x_wconf 76' lang='grc'><strong>226.</strong></span> <span class='ocrx_word' id='word_1_134' title='bbox 270 2672 665 2741; x_wconf 78' lang='lat' dir='ltr'>Coptons,jsmcapiendam,qusm</span> <span class='ocrx_word' id='word_1_135' title='bbox 714 2673 1000 2735; x_wconf 76' lang='lat' dir='ltr'>exoriretur31LB.2·26·</span> <span class='ocrx_word' id='word_1_136' title='bbox 1021 2672 1211 2738; x_wconf 71' lang='lat' dir='ltr'>Ceterampn·</span> 
     </span>
     <span class='ocr_line' id='line_1_21' title="bbox 164 2745 1210 2812; baseline -0.001 -16"><span class='ocrx_word' id='word_1_137' title='bbox 164 2745 314 2805; x_wconf 82' lang='lat' dir='ltr'>obsidebant,</span> <span class='ocrx_word' id='word_1_138' title='bbox 325 2756 353 2797; x_wconf 88' lang='lat' dir='ltr'>nt</span> <span class='ocrx_word' id='word_1_139' title='bbox 363 2758 484 2812; x_wconf 83' lang='lat' dir='ltr'>caperent.</span> <span class='ocrx_word' id='word_1_140' title='bbox 501 2749 540 2798; x_wconf 87' lang='lat' dir='ltr'>Sic</span> <span class='ocrx_word' id='word_1_141' title='bbox 551 2753 667 2812; x_wconf 78' lang='lat' dir='ltr'>captiosos</span> <span class='ocrx_word' id='word_1_142' title='bbox 715 2747 937 2812; x_wconf 80' lang='lat' dir='ltr'>serbacomperatio</span> <span class='ocrx_word' id='word_1_143' title='bbox 944 2746 1091 2811; x_wconf 77' lang='lat' dir='ltr'>Ajsciscnm</span> <span class='ocrx_word' id='word_1_144' title='bbox 1098 2746 1210 2797; x_wconf 71' lang='lat' dir='ltr'>&#39;l’oessits-</span> 
     </span>
     <span class='ocr_line' id='line_1_22' title="bbox 166 2819 1208 2885; baseline -0.002 -15"><span class='ocrx_word' id='word_1_145' title='bbox 166 2822 248 2870; x_wconf 76' lang='lat' dir='ltr'>eclam</span> <span class='ocrx_word' id='word_1_146' title='bbox 258 2820 275 2870; x_wconf 90' lang='lat' dir='ltr'>i.</span> <span class='ocrx_word' id='word_1_147' title='bbox 288 2823 343 2871; x_wconf 79' lang='lat'>184.</span> <span class='ocrx_word' id='word_1_148' title='bbox 353 2830 378 2870; x_wconf 92' lang='lat' dir='ltr'>et</span> <span class='ocrx_word' id='word_1_149' title='bbox 387 2832 464 2884; x_wconf 80' lang='lat' dir='ltr'>copres</span> <span class='ocrx_word' id='word_1_150' title='bbox 472 2827 526 2885; x_wconf 81' lang='lat' dir='ltr'>jam</span> <span class='ocrx_word' id='word_1_151' title='bbox 539 2826 667 2885; x_wconf 79' lang='lat' dir='ltr'>despectare</span> <span class='ocrx_word' id='word_1_152' title='bbox 748 2823 806 2870; x_wconf 77' lang='grc'><strong>236.</strong></span> <span class='ocrx_word' id='word_1_153' title='bbox 825 2821 881 2870; x_wconf 80' lang='lat' dir='ltr'>Voce</span> <span class='ocrx_word' id='word_1_154' title='bbox 891 2819 1000 2882; x_wconf 77' lang='lat' dir='ltr'>reposca]</span> <span class='ocrx_word' id='word_1_155' title='bbox 1021 2819 1138 2868; x_wconf 78' lang='lat' dir='ltr'>Heinsius</span> <span class='ocrx_word' id='word_1_156' title='bbox 1146 2828 1208 2885; x_wconf 84' lang='lat' dir='ltr'>psts·</span> 
     </span>
     <span class='ocr_line' id='line_1_23' title="bbox 168 2893 1210 2958; baseline 0.003 -18"><span class='ocrx_word' id='word_1_157' title='bbox 168 2902 244 2942; x_wconf 74' lang='lat' dir='ltr'>terrm</span> <span class='ocrx_word' id='word_1_158' title='bbox 262 2893 325 2958; x_wconf 79' lang='lat' dir='ltr'>apud</span> <span class='ocrx_word' id='word_1_159' title='bbox 339 2894 476 2957; x_wconf 73' lang='lat' dir='ltr'>Virgilium,</span> <span class='ocrx_word' id='word_1_160' title='bbox 496 2897 554 2946; x_wconf 83' lang='lat' dir='ltr'>AEn.</span> <span class='ocrx_word' id='word_1_161' title='bbox 574 2896 591 2944; x_wconf 89' lang='lat' dir='ltr'>i.</span> <span class='ocrx_word' id='word_1_162' title='bbox 610 2899 667 2947; x_wconf 87' lang='grc'><strong>396.</strong></span> <span class='ocrx_word' id='word_1_163' title='bbox 715 2897 759 2945; x_wconf 79' lang='lat' dir='ltr'>bnt</span> <span class='ocrx_word' id='word_1_164' title='bbox 772 2897 891 2957; x_wconf 73' lang='lat' dir='ltr'>reprendo,</span> <span class='ocrx_word' id='word_1_165' title='bbox 907 2903 935 2944; x_wconf 90' lang='lat' dir='ltr'>nt</span> <span class='ocrx_word' id='word_1_166' title='bbox 954 2893 985 2942; x_wconf 84' lang='lat' dir='ltr'>sd</span> <span class='ocrx_word' id='word_1_167' title='bbox 1004 2893 1125 2957; x_wconf 74' lang='lat' dir='ltr'>fugientes</span> <span class='ocrx_word' id='word_1_168' title='bbox 1141 2893 1210 2943; x_wconf 69' lang='lat' dir='ltr'>sucin</span> 
     </span>
     <span class='ocr_line' id='line_1_24' title="bbox 168 2965 836 3035; baseline 0.004 -20"><span class='ocrx_word' id='word_1_169' title='bbox 168 2965 210 3015; x_wconf 85' lang='lat' dir='ltr'>ubi</span> <span class='ocrx_word' id='word_1_170' title='bbox 221 2966 291 3016; x_wconf 81' lang='lat' dir='ltr'>rslde</span> <span class='ocrx_word' id='word_1_171' title='bbox 301 2966 438 3017; x_wconf 77' lang='lat' dir='ltr'>lsbortrurt</span> <span class='ocrx_word' id='word_1_172' title='bbox 448 2970 595 3035; x_wconf 83' lang='lat' dir='ltr'>interpretes.</span> <span class='ocrx_word' id='word_1_173' title='bbox 619 2972 666 3019; x_wconf 82' lang='lat' dir='ltr'>Di·</span> <span class='ocrx_word' id='word_1_174' title='bbox 717 2969 836 3034; x_wconf 81' lang='lat' dir='ltr'>respiciat.</span> 
     </span>
     <span class='ocr_line' id='line_1_25' title="bbox 170 3039 1212 3108; baseline 0.002 -20"><span class='ocrx_word' id='word_1_175' title='bbox 170 3043 283 3089; x_wconf 81' lang='lat' dir='ltr'>srittissrss</span> <span class='ocrx_word' id='word_1_176' title='bbox 292 3039 346 3090; x_wconf 83' lang='lat' dir='ltr'>locs</span> <span class='ocrx_word' id='word_1_177' title='bbox 354 3057 392 3099; x_wconf 86' lang='lat' dir='ltr'>es,</span> <span class='ocrx_word' id='word_1_178' title='bbox 403 3042 514 3108; x_wconf 77' lang='lat' dir='ltr'>aquibus</span> <span class='ocrx_word' id='word_1_179' title='bbox 524 3044 625 3095; x_wconf 82' lang='lat' dir='ltr'>abimus.</span> <span class='ocrx_word' id='word_1_180' title='bbox 749 3044 806 3091; x_wconf 82' lang='grc'><strong>237.</strong></span> <span class='ocrx_word' id='word_1_181' title='bbox 824 3042 903 3091; x_wconf 79' lang='lat' dir='ltr'>Meum</span> <span class='ocrx_word' id='word_1_182' title='bbox 913 3053 955 3098; x_wconf 83' lang='lat' dir='ltr'>est,</span> <span class='ocrx_word' id='word_1_183' title='bbox 967 3044 1129 3105; x_wconf 66' lang='lat' dir='ltr'>quidalm</span> <span class='ocrx_word' id='word_1_184' title='bbox 1146 3039 1212 3102; x_wconf 73' lang='lat' dir='ltr'>uulgo</span> 
     </span>
    </p>

    <p class='ocr_par' dir='ltr' id='par_1_5' title="bbox 167 3113 1213 3770">
     <span class='ocr_line' id='line_1_26' title="bbox 202 3113 1212 3183; baseline -0.001 -18"><span class='ocrx_word' id='word_1_185' title='bbox 202 3115 259 3165; x_wconf 76' lang='lat'>229.</span> <span class='ocrx_word' id='word_1_186' title='bbox 276 3116 387 3174; x_wconf 57' lang='lat' dir='ltr'>Amnon</span> <span class='ocrx_word' id='word_1_187' title='bbox 403 3117 500 3182; x_wconf 87' lang='lat' dir='ltr'>sija</span> <span class='ocrx_word' id='word_1_188' title='bbox 506 3135 514 3177; x_wconf 68' lang='grc' dir='ltr'><strong><em>ς</em></strong></span> <span class='ocrx_word' id='word_1_189' title='bbox 530 3120 667 3183; x_wconf 75' lang='lat' dir='ltr'>autetiam,</span> <span class='ocrx_word' id='word_1_190' title='bbox 716 3132 780 3180; x_wconf 83' lang='lat' dir='ltr'>pusns</span> <span class='ocrx_word' id='word_1_191' title='bbox 793 3119 886 3164; x_wconf 65' lang='lat' dir='ltr'>mutem</span> <span class='ocrx_word' id='word_1_192' title='bbox 894 3134 903 3175; x_wconf 88' lang='lat'>,·</span> <span class='ocrx_word' id='word_1_193' title='bbox 921 3116 982 3165; x_wconf 87' lang='lat' dir='ltr'>hanc</span> <span class='ocrx_word' id='word_1_194' title='bbox 998 3115 1128 3166; x_wconf 80' lang='lat' dir='ltr'>lectionem</span> <span class='ocrx_word' id='word_1_195' title='bbox 1143 3113 1212 3164; x_wconf 77' lang='lat' dir='ltr'>dede·</span> 
     </span>
     <span class='ocr_line' id='line_1_27' title="bbox 167 3188 1213 3256; baseline 0 -20"><span class='ocrx_word' id='word_1_196' title='bbox 167 3203 213 3253; x_wconf 72' lang='lat' dir='ltr'>ego</span> <span class='ocrx_word' id='word_1_197' title='bbox 233 3188 307 3240; x_wconf 79' lang='lat' dir='ltr'>everti</span> <span class='ocrx_word' id='word_1_198' title='bbox 324 3205 365 3239; x_wconf 88' lang='lat' dir='ltr'>eos</span> <span class='ocrx_word' id='word_1_199' title='bbox 378 3205 394 3238; x_wconf 87' lang='grc' dir='ltr'>ι</span> <span class='ocrx_word' id='word_1_200' title='bbox 412 3190 497 3249; x_wconf 78' lang='lat' dir='ltr'>classe,</span> <span class='ocrx_word' id='word_1_201' title='bbox 518 3207 567 3256; x_wconf 84' lang='lat' dir='ltr'>qua</span> <span class='ocrx_word' id='word_1_202' title='bbox 587 3192 667 3256; x_wconf 76' lang='lat' dir='ltr'>lugam</span> <span class='ocrx_word' id='word_1_203' title='bbox 716 3197 769 3239; x_wconf 83' lang='lat' dir='ltr'>rent</span> <span class='ocrx_word' id='word_1_204' title='bbox 784 3189 872 3239; x_wconf 77' lang='lat' dir='ltr'>librarii</span> <span class='ocrx_word' id='word_1_205' title='bbox 887 3197 1019 3240; x_wconf 88' lang='lat' dir='ltr'>metuentes</span> <span class='ocrx_word' id='word_1_206' title='bbox 1037 3189 1117 3240; x_wconf 82' lang='lat' dir='ltr'>lorssn</span> <span class='ocrx_word' id='word_1_207' title='bbox 1133 3203 1163 3239; x_wconf 85' lang='lat' dir='ltr'>ne</span> <span class='ocrx_word' id='word_1_208' title='bbox 1179 3202 1213 3236; x_wconf 89' lang='lat' dir='ltr'>so·</span> 
     </span>
     <span class='ocr_line' id='line_1_28' title="bbox 167 3262 1213 3327; baseline -0.002 -15"><span class='ocrx_word' id='word_1_209' title='bbox 167 3263 293 3327; x_wconf 77' lang='lat' dir='ltr'>pmbsnt,</span> <span class='ocrx_word' id='word_1_210' title='bbox 313 3273 339 3312; x_wconf 87' lang='lat' dir='ltr'>et</span> <span class='ocrx_word' id='word_1_211' title='bbox 360 3263 416 3314; x_wconf 87' lang='lat' dir='ltr'>inde</span> <span class='ocrx_word' id='word_1_212' title='bbox 435 3265 518 3316; x_wconf 86' lang='lat' dir='ltr'>reduxi</span> <span class='ocrx_word' id='word_1_213' title='bbox 536 3265 561 3315; x_wconf 89' lang='lat' dir='ltr'>in</span> <span class='ocrx_word' id='word_1_214' title='bbox 581 3277 667 3317; x_wconf 81' lang='lat' dir='ltr'>castra.</span> <span class='ocrx_word' id='word_1_215' title='bbox 715 3262 848 3312; x_wconf 85' lang='lat' dir='ltr'>loecissaret</span> <span class='ocrx_word' id='word_1_216' title='bbox 862 3263 981 3323; x_wconf 84' lang='lat' dir='ltr'>Ovidius;</span> <span class='ocrx_word' id='word_1_217' title='bbox 997 3262 1041 3312; x_wconf 81' lang='lat' dir='ltr'>sed</span> <span class='ocrx_word' id='word_1_218' title='bbox 1058 3262 1176 3317; x_wconf 82' lang='lat' dir='ltr'>meliores,</span> <span class='ocrx_word' id='word_1_219' title='bbox 1190 3269 1213 3310; x_wconf 87' lang='lat' dir='ltr'>et</span> 
     </span>
     <span class='ocr_line' id='line_1_29' title="bbox 168 3335 1213 3404; baseline -0.002 -20"><span class='ocrx_word' id='word_1_220' title='bbox 168 3335 276 3395; x_wconf 63' lang='lat' dir='ltr'>Rodum</span> <span class='ocrx_word' id='word_1_221' title='bbox 298 3337 458 3401; x_wconf 68' lang='lat' dir='ltr'>langermsn.</span> <span class='ocrx_word' id='word_1_222' title='bbox 472 3348 499 3388; x_wconf 85' lang='lat' dir='ltr'>et</span> <span class='ocrx_word' id='word_1_223' title='bbox 515 3340 614 3404; x_wconf 73' lang='lat' dir='ltr'>Argent.</span> <span class='ocrx_word' id='word_1_224' title='bbox 630 3358 666 3389; x_wconf 84' lang='lat' dir='ltr'>re·</span> <span class='ocrx_word' id='word_1_225' title='bbox 716 3336 787 3386; x_wconf 86' lang='lat' dir='ltr'>nostri</span> <span class='ocrx_word' id='word_1_226' title='bbox 798 3336 877 3400; x_wconf 82' lang='lat' dir='ltr'>Regii,</span> <span class='ocrx_word' id='word_1_227' title='bbox 888 3336 978 3386; x_wconf 73' lang='lat' dir='ltr'>hebent</span> <span class='ocrx_word' id='word_1_228' title='bbox 990 3341 1030 3400; x_wconf 72' lang='lat' dir='ltr'>qui</span> <span class='ocrx_word' id='word_1_229' title='bbox 1038 3354 1047 3396; x_wconf 87' lang='lat'>,·</span> <span class='ocrx_word' id='word_1_230' title='bbox 1064 3336 1100 3386; x_wconf 88' lang='lat' dir='ltr'>sic</span> <span class='ocrx_word' id='word_1_231' title='bbox 1111 3346 1136 3386; x_wconf 90' lang='lat' dir='ltr'>et</span> <span class='ocrx_word' id='word_1_232' title='bbox 1145 3337 1213 3385; x_wconf 85' lang='lat' dir='ltr'>Trist.</span> 
     </span>
     <span class='ocr_line' id='line_1_30' title="bbox 167 3409 1212 3476; baseline 0.011 -21"><span class='ocrx_word' id='word_1_233' title='bbox 167 3412 238 3465; x_wconf 80' lang='lat' dir='ltr'>trusi,</span> <span class='ocrx_word' id='word_1_234' title='bbox 260 3409 325 3473; x_wconf 86' lang='lat' dir='ltr'>quod</span> <span class='ocrx_word' id='word_1_235' title='bbox 339 3410 458 3475; x_wconf 88' lang='lat' dir='ltr'>proprium</span> <span class='ocrx_word' id='word_1_236' title='bbox 477 3411 573 3476; x_wconf 89' lang='lat' dir='ltr'>quidem</span> <span class='ocrx_word' id='word_1_237' title='bbox 593 3414 624 3463; x_wconf 90' lang='lat' dir='ltr'>de</span> <span class='ocrx_word' id='word_1_238' title='bbox 637 3414 667 3463; x_wconf 83' lang='lat' dir='ltr'>iis</span> <span class='ocrx_word' id='word_1_239' title='bbox 716 3409 739 3459; x_wconf 87' lang='lat'>1·</span> <span class='ocrx_word' id='word_1_240' title='bbox 750 3428 774 3459; x_wconf 78' lang='lat' dir='ltr'>v·</span> <span class='ocrx_word' id='word_1_241' title='bbox 784 3412 825 3459; x_wconf 77' lang='lat'>⁴1·</span> <span class='ocrx_word' id='word_1_242' title='bbox 835 3411 911 3459; x_wconf 68' lang='lat' dir='ltr'>cmo</span> <span class='ocrx_word' id='word_1_243' title='bbox 920 3427 970 3458; x_wconf 75' lang='lat' dir='ltr'>tm</span> <span class='ocrx_word' id='word_1_244' title='bbox 980 3420 1012 3460; x_wconf 59' lang='grc' dir='ltr'>αἱ</span> <span class='ocrx_word' id='word_1_245' title='bbox 1022 3411 1113 3466; x_wconf 59' lang='lat' dir='ltr'>ultor,</span> <span class='ocrx_word' id='word_1_246' title='bbox 1123 3412 1212 3473; x_wconf 58' lang='lat' dir='ltr'>ssim</span> 
     </span>
     <span class='ocr_line' id='line_1_31' title="bbox 167 3480 1210 3548; baseline 0.007 -19"><span class='ocrx_word' id='word_1_247' title='bbox 167 3480 209 3545; x_wconf 90' lang='lat' dir='ltr'>qni</span> <span class='ocrx_word' id='word_1_248' title='bbox 223 3497 252 3531; x_wconf 83' lang='lat' dir='ltr'>er</span> <span class='ocrx_word' id='word_1_249' title='bbox 267 3482 324 3548; x_wconf 77' lang='lat' dir='ltr'>tuga</span> <span class='ocrx_word' id='word_1_250' title='bbox 336 3484 484 3535; x_wconf 79' lang='lat' dir='ltr'>retrahuntur</span> <span class='ocrx_word' id='word_1_251' title='bbox 491 3503 499 3545; x_wconf 69' lang='grc' dir='ltr'><strong><em>ς</em></strong></span> <span class='ocrx_word' id='word_1_252' title='bbox 524 3487 566 3536; x_wconf 83' lang='lat' dir='ltr'>sed</span> <span class='ocrx_word' id='word_1_253' title='bbox 582 3491 664 3537; x_wconf 72' lang='lat' dir='ltr'>reduxi</span> <span class='ocrx_word' id='word_1_254' title='bbox 714 3489 832 3534; x_wconf 79' lang='lat' dir='ltr'>contrario</span> <span class='ocrx_word' id='word_1_255' title='bbox 851 3485 904 3548; x_wconf 85' lang='lat' dir='ltr'>foor&#39;</span> <span class='ocrx_word' id='word_1_256' title='bbox 927 3486 1016 3542; x_wconf 75' lang='lat' dir='ltr'>Am,-</span> <span class='ocrx_word' id='word_1_257' title='bbox 1045 3482 1084 3532; x_wconf 87' lang='lat' dir='ltr'>hic</span> <span class='ocrx_word' id='word_1_258' title='bbox 1107 3483 1210 3548; x_wconf 78' lang='lat' dir='ltr'>quidem.</span> 
     </span>
     <span class='ocr_line' id='line_1_32' title="bbox 167 3554 1211 3623; baseline 0.002 -20"><span class='ocrx_word' id='word_1_259' title='bbox 167 3554 310 3605; x_wconf 74' lang='lat' dir='ltr'>mrusndum</span> <span class='ocrx_word' id='word_1_260' title='bbox 330 3567 375 3615; x_wconf 83' lang='lat' dir='ltr'>est,</span> <span class='ocrx_word' id='word_1_261' title='bbox 394 3557 452 3623; x_wconf 86' lang='lat' dir='ltr'>quia</span> <span class='ocrx_word' id='word_1_262' title='bbox 471 3559 563 3623; x_wconf 78' lang='lat' dir='ltr'>profugi</span> <span class='ocrx_word' id='word_1_263' title='bbox 581 3561 664 3610; x_wconf 84' lang='lat' dir='ltr'>lacnn·</span> <span class='ocrx_word' id='word_1_264' title='bbox 714 3557 798 3607; x_wconf 82' lang='lat' dir='ltr'>eodem</span> <span class='ocrx_word' id='word_1_265' title='bbox 808 3567 872 3607; x_wconf 84' lang='lat' dir='ltr'>certe</span> <span class='ocrx_word' id='word_1_266' title='bbox 886 3567 950 3608; x_wconf 84' lang='lat' dir='ltr'>metu</span> <span class='ocrx_word' id='word_1_267' title='bbox 963 3557 1164 3620; x_wconf 74' lang='lat' dir='ltr'>dederantqss&#39;s5</span> <span class='ocrx_word' id='word_1_268' title='bbox 1184 3572 1211 3605; x_wconf 84' lang='lat' dir='ltr'>es</span> 
     </span>
     <span class='ocr_line' id='line_1_33' title="bbox 168 3627 1212 3697; baseline 0.005 -21"><span class='ocrx_word' id='word_1_269' title='bbox 168 3627 210 3677; x_wconf 80' lang='lat' dir='ltr'>dis</span> <span class='ocrx_word' id='word_1_270' title='bbox 225 3629 319 3695; x_wconf 79' lang='lat' dir='ltr'>Ulyssis</span> <span class='ocrx_word' id='word_1_271' title='bbox 333 3631 390 3680; x_wconf 91' lang='lat' dir='ltr'>moti</span> <span class='ocrx_word' id='word_1_272' title='bbox 401 3641 426 3680; x_wconf 86' lang='lat' dir='ltr'>et</span> <span class='ocrx_word' id='word_1_273' title='bbox 438 3631 462 3680; x_wconf 93' lang='lat' dir='ltr'>in</span> <span class='ocrx_word' id='word_1_274' title='bbox 477 3632 590 3697; x_wconf 84' lang='lat' dir='ltr'>pudorem</span> <span class='ocrx_word' id='word_1_275' title='bbox 606 3634 665 3691; x_wconf 81' lang='lat' dir='ltr'>dati,</span> <span class='ocrx_word' id='word_1_276' title='bbox 715 3632 784 3681; x_wconf 88' lang='lat' dir='ltr'>Pont.</span> <span class='ocrx_word' id='word_1_277' title='bbox 794 3633 843 3680; x_wconf 88' lang='lat'>111.</span> <span class='ocrx_word' id='word_1_278' title='bbox 853 3632 885 3681; x_wconf 87' lang='lat' dir='ltr'>iv.</span> <span class='ocrx_word' id='word_1_279' title='bbox 896 3633 938 3682; x_wconf 87' lang='lat'>91.</span> <span class='ocrx_word' id='word_1_280' title='bbox 951 3631 1001 3680; x_wconf 84' lang='lat' dir='ltr'>Nee</span> <span class='ocrx_word' id='word_1_281' title='bbox 1010 3648 1061 3680; x_wconf 81' lang='lat' dir='ltr'>sm</span> <span class='ocrx_word' id='word_1_282' title='bbox 1071 3634 1141 3681; x_wconf 73' lang='lat' dir='ltr'>neris</span> <span class='ocrx_word' id='word_1_283' title='bbox 1151 3633 1212 3696; x_wconf 74' lang='lat' dir='ltr'>legis,</span> 
     </span>
     <span class='ocr_line' id='line_1_34' title="bbox 167 3701 1078 3770; baseline 0.004 -19"><span class='ocrx_word' id='word_1_284' title='bbox 167 3701 238 3753; x_wconf 72' lang='lat' dir='ltr'>facile</span> <span class='ocrx_word' id='word_1_285' title='bbox 256 3712 281 3753; x_wconf 89' lang='lat' dir='ltr'>et</span> <span class='ocrx_word' id='word_1_286' title='bbox 297 3703 366 3769; x_wconf 81' lang='lat' dir='ltr'>qnasi</span> <span class='ocrx_word' id='word_1_287' title='bbox 381 3719 425 3753; x_wconf 88' lang='lat' dir='ltr'>sus</span> <span class='ocrx_word' id='word_1_288' title='bbox 443 3714 527 3770; x_wconf 84' lang='lat' dir='ltr'>sponte</span> <span class='ocrx_word' id='word_1_289' title='bbox 546 3705 665 3757; x_wconf 83' lang='lat' dir='ltr'>redierint.</span> <span class='ocrx_word' id='word_1_290' title='bbox 714 3710 810 3770; x_wconf 75' lang='lat' dir='ltr'>quirum</span> <span class='ocrx_word' id='word_1_291' title='bbox 818 3707 1078 3756; x_wconf 77' lang='lat' dir='ltr'>mbmotsssdlstrssss.</span> 
     </span>
    </p>

    <p class='ocr_par' dir='ltr' id='par_1_6' title="bbox 167 3775 1213 3846">
     <span class='ocr_line' id='line_1_35' title="bbox 167 3775 1213 3846; baseline 0.002 -22"><span class='ocrx_word' id='word_1_292' title='bbox 167 3775 270 3827; x_wconf 84' lang='lat' dir='ltr'>Codices</span> <span class='ocrx_word' id='word_1_293' title='bbox 280 3777 352 3841; x_wconf 70' lang='lat' dir='ltr'>Regii</span> <span class='ocrx_word' id='word_1_294' title='bbox 363 3778 433 3826; x_wconf 80' lang='lat' dir='ltr'>ambo</span> <span class='ocrx_word' id='word_1_295' title='bbox 444 3781 533 3827; x_wconf 64' lang='lat' dir='ltr'>redum.</span> <span class='ocrx_word' id='word_1_296' title='bbox 746 3782 804 3831; x_wconf 80' lang='grc'><strong>233.</strong></span> <span class='ocrx_word' id='word_1_297' title='bbox 826 3780 1047 3836; x_wconf 64' lang='lat' dir='ltr'>Patrimonium</span> <span class='ocrx_word' id='word_1_298' title='bbox 1063 3779 1089 3829; x_wconf 92' lang='lat' dir='ltr'>in</span> <span class='ocrx_word' id='word_1_299' title='bbox 1104 3777 1213 3846; x_wconf 80' lang='lat' dir='ltr'>periculis</span> 
     </span>
    </p>

    <p class='ocr_par' dir='ltr' id='par_1_7' title="bbox 167 3849 1212 4216">
     <span class='ocr_line' id='line_1_36' title="bbox 200 3849 1212 3908; baseline 0.003 -9"><span class='ocrx_word' id='word_1_300' title='bbox 200 3851 259 3899; x_wconf 78' lang='grc'><strong>233.</strong></span> <span class='ocrx_word' id='word_1_301' title='bbox 279 3849 398 3907; x_wconf 63' lang='lat' dir='ltr'>limites,</span> <span class='ocrx_word' id='word_1_302' title='bbox 414 3849 484 3899; x_wconf 89' lang='lat' dir='ltr'>homo</span> <span class='ocrx_word' id='word_1_303' title='bbox 497 3849 601 3900; x_wconf 90' lang='lat' dir='ltr'>omnium</span> <span class='ocrx_word' id='word_1_304' title='bbox 615 3861 665 3902; x_wconf 91' lang='lat' dir='ltr'>tur·</span> <span class='ocrx_word' id='word_1_305' title='bbox 714 3853 839 3904; x_wconf 78' lang='lat' dir='ltr'>adeundis.</span> <span class='ocrx_word' id='word_1_306' title='bbox 871 3854 962 3903; x_wconf 78' lang='lat' dir='ltr'>Mecum</span> <span class='ocrx_word' id='word_1_307' title='bbox 981 3855 1135 3903; x_wconf 72' lang='lat' dir='ltr'>musices</span> <span class='ocrx_word' id='word_1_308' title='bbox 1152 3863 1212 3908; x_wconf 84' lang='lat' dir='ltr'>sets,</span> 
     </span>
     <span class='ocr_line' id='line_1_37' title="bbox 167 3923 1211 3991; baseline 0.005 -20"><span class='ocrx_word' id='word_1_309' title='bbox 167 3923 285 3988; x_wconf 83' lang='lat' dir='ltr'>pissimus,</span> <span class='ocrx_word' id='word_1_310' title='bbox 309 3923 400 3972; x_wconf 78' lang='lat' dir='ltr'>solebat</span> <span class='ocrx_word' id='word_1_311' title='bbox 426 3923 456 3972; x_wconf 79' lang='lat' dir='ltr'>ori</span> <span class='ocrx_word' id='word_1_312' title='bbox 482 3926 545 3974; x_wconf 77' lang='lat' dir='ltr'>sard</span> <span class='ocrx_word' id='word_1_313' title='bbox 571 3925 665 3991; x_wconf 75' lang='grc' dir='ltr'><strong><em>κόσμον</em></strong></span> <span class='ocrx_word' id='word_1_314' title='bbox 714 3942 753 3977; x_wconf 87' lang='lat' dir='ltr'>me</span> <span class='ocrx_word' id='word_1_315' title='bbox 768 3927 859 3977; x_wconf 88' lang='lat' dir='ltr'>socium</span> <span class='ocrx_word' id='word_1_316' title='bbox 874 3929 947 3976; x_wconf 86' lang='lat' dir='ltr'>sumit</span> <span class='ocrx_word' id='word_1_317' title='bbox 959 3935 1067 3976; x_wconf 79' lang='lat' dir='ltr'>actorum</span> <span class='ocrx_word' id='word_1_318' title='bbox 1081 3926 1145 3976; x_wconf 72' lang='lat' dir='ltr'>Sueto</span> <span class='ocrx_word' id='word_1_319' title='bbox 1158 3943 1211 3976; x_wconf 77' lang='lat' dir='ltr'>eos·</span> 
     </span>
     <span class='ocr_line' id='line_1_38' title="bbox 167 3995 1212 4066; baseline 0.004 -19"><span class='ocrx_word' id='word_1_320' title='bbox 167 3995 299 4062; x_wconf 55' lang='lat' dir='ltr'>popam</span> <span class='ocrx_word' id='word_1_321' title='bbox 308 3996 464 4059; x_wconf 78' lang='grc' dir='ltr'>βασιλεῦσιν,</span> <span class='ocrx_word' id='word_1_322' title='bbox 472 4006 554 4046; x_wconf 85' lang='lat' dir='ltr'>etturn</span> <span class='ocrx_word' id='word_1_323' title='bbox 562 3999 664 4049; x_wconf 82' lang='lat' dir='ltr'>maxime</span> <span class='ocrx_word' id='word_1_324' title='bbox 707 4003 765 4066; x_wconf 78' lang='lat' dir='ltr'>fidit</span> <span class='ocrx_word' id='word_1_325' title='bbox 788 4002 872 4059; x_wconf 70' lang='lat' dir='ltr'>Ulixe,</span> <span class='ocrx_word' id='word_1_326' title='bbox 894 4001 1044 4051; x_wconf 79' lang='lat' dir='ltr'>l&#39;loreutiuns</span> <span class='ocrx_word' id='word_1_327' title='bbox 1068 3999 1155 4059; x_wconf 59' lang='lat' dir='ltr'>Ulixis</span> <span class='ocrx_word' id='word_1_328' title='bbox 1171 3999 1212 4051; x_wconf 83' lang='lat' dir='ltr'>sed</span> 
     </span>
     <span class='ocr_line' id='line_1_39' title="bbox 168 4069 1092 4139; baseline 0.006 -21"><span class='ocrx_word' id='word_1_329' title='bbox 168 4069 349 4134; x_wconf 69' lang='lat' dir='ltr'>Agamemnoni.</span> <span class='ocrx_word' id='word_1_330' title='bbox 381 4071 443 4120; x_wconf 85' lang='lat' dir='ltr'>Eum</span> <span class='ocrx_word' id='word_1_331' title='bbox 460 4071 558 4137; x_wconf 83' lang='lat' dir='ltr'>Ulysses</span> <span class='ocrx_word' id='word_1_332' title='bbox 571 4083 664 4139; x_wconf 86' lang='lat' dir='ltr'>sceptro</span> <span class='ocrx_word' id='word_1_333' title='bbox 715 4075 1092 4126; x_wconf 60' lang='lat' dir='ltr'>videnumannumsdxms..</span> 
     </span>
     <span class='ocr_line' id='line_1_40' title="bbox 167 4144 1211 4216; baseline 0.003 -23"><span class='ocrx_word' id='word_1_334' title='bbox 167 4144 324 4208; x_wconf 79' lang='lat' dir='ltr'>percutiebat,</span> <span class='ocrx_word' id='word_1_335' title='bbox 335 4154 361 4196; x_wconf 87' lang='lat' dir='ltr'>nt</span> <span class='ocrx_word' id='word_1_336' title='bbox 371 4144 441 4196; x_wconf 80' lang='lat' dir='ltr'>vibes</span> <span class='ocrx_word' id='word_1_337' title='bbox 452 4156 550 4197; x_wconf 83' lang='lat' dir='ltr'>cruenta</span> <span class='ocrx_word' id='word_1_338' title='bbox 560 4147 586 4198; x_wconf 85' lang='lat' dir='ltr'>in</span> <span class='ocrx_word' id='word_1_339' title='bbox 595 4146 664 4197; x_wconf 88' lang='lat' dir='ltr'>dorso</span> <span class='ocrx_word' id='word_1_340' title='bbox 700 4189 703 4194; x_wconf 91' lang='lat'>.</span> <span class='ocrx_word' id='word_1_341' title='bbox 746 4150 976 4216; x_wconf 63' lang='lat' dir='ltr'>arimenum,</span> <span class='ocrx_word' id='word_1_342' title='bbox 995 4148 1097 4201; x_wconf 62' lang='lat' dir='ltr'>sidem</span> <span class='ocrx_word' id='word_1_343' title='bbox 1115 4147 1211 4198; x_wconf 59' lang='lat' dir='ltr'>siim.</span> 
     </span>
    </p>
   </div>
   <div class='ocr_carea' id='block_1_4' title="bbox 0 0 1394 5004">
    <p class='ocr_par' dir='ltr' id='par_1_8' title="bbox 0 0 1394 5004">
     <span class='ocr_line' id='line_1_41' title="bbox 0 0 1394 5004; baseline 0 0"><span class='ocrx_word' id='word_1_344' title='bbox 0 0 1394 5004; x_wconf 95' lang='lat' dir='ltr'> </span> 
     </span>
    </p>
   </div>
  </div>
 </body>
</html>
