2774 5004
284 323 350 388 164

568 317 608 381 Ρ.
632 315 795 382 OVlDll
821 316 1033 381 NASONIS

288 493 513 570 Pervenisse
530 491 668 577 ferunt,
687 490 802 564 limen
820 488 1002 564 servantis
1021 490 1198 563 alumnae.

290 610 420 705 Surgit
434 630 541 693 anus,
556 616 775 702 reseratque
792 605 912 692 fores3
935 605 1143 703 mortisque
1161 614 1296 703 parata

291 725 549 798 Instrumenta
565 721 709 808 videm,
730 722 852 819 spatio
870 722 1082 823 conclamat
1100 722 1250 811 eodem,
1268 723 1325 793 385

291 842 420 938 Seque
437 839 535 924 ferit,
552 837 767 934 scinditque
786 836 903 922 sinus,
920 847 1127 934 ereptaque
1142 833 1246 910 collo

290 958 455 1032 Vincula
468 956 644 1029 dilaniat:
665 967 746 1028 tum
764 954 929 1051 denique
946 954 1038 1027 llere
1055 952 1227 1040 vacavit;
1261 1042 1263 1046 Α

291 1073 388 1148 Tum
403 1074 493 1147 dare
504 1073 738 1170 complexus,
747 1071 951 1168 laqueique
961 1069 1153 1167 requirere
1172 1091 1327 1142 causam.

292 1189 404 1264 Muta
421 1190 508 1264 silet
521 1190 639 1285 virge,
655 1200 871 1284 terramque
885 1187 1041 1260 immota
1058 1195 1209 1272 tuetur3

294 1305 346 1381 Et
363 1306 550 1405 deprensa
567 1306 669 1379 dolet
686 1306 802 1379 tardae
821 1305 1019 1378 conamina
1036 1302 1182 1374 mortis,
1272 1303 1332 1373 390
1381 1400 1383 1407 Ι

295 1421 420 1497 Instat
434 1445 548 1509 anus;
578 1445 768 1518 canosque
788 1445 888 1505 suos
909 1431 947 1492 et
964 1418 1089 1492 inania
1107 1417 1259 1491 nudans
1381 1414 1383 1425 '

297 1537 439 1625 Ubera,
459 1562 525 1636 per
542 1562 660 1611 cunas
679 1538 934 1633 alimentaque
952 1535 1073 1632 prima
1089 1545 1281 1630 precatur,

298 1653 353 1727 Ut
370 1655 441 1727 sibi
455 1655 676 1739 committat,
694 1652 880 1750 quidquid
898 1651 1022 1724 dolet:
1052 1650 1117 1722 illa
1135 1662 1325 1746 rogantem

298 1769 481 1845 Aversata
498 1769 637 1865 gemit:
665 1782 768 1842 certa
782 1780 840 1841 est
857 1767 1056 1865 exquirere
1074 1767 1228 1839 nutrix:
1258 1769 1338 1863 [que

301 1883 382 1958 Nec
394 1885 512 1958 solam
524 1884 710 1981 spondere
721 1885 850 1957 fidem:
873 1892 897 1921 “
914 1883 1024 1970 Dic,”
1037 1883 1173 1979 inquit,
1185 1893 1337 1982 “opem-

301 2098 366 2131 cum.
396 2085 519 2134 Nutricem
531 2085 592 2133 hauc
604 2084 718 2133 Antonin.
731 2085 800 2133 Libe-

303 2156 368 2210 ralis,
386 2159 426 2205 24.
447 2158 594 2223 Hippolyten
609 2167 686 2206 vocat.
721 2159 802 2207 Limen

303 2233 415 2279 meantis
431 2233 537 2287 alumna,
549 2231 661 2280 custodia·
677 2246 749 2280 causa
760 2248 800 2279 cn·

306 2303 384 2352 bantis
392 2305 462 2370 juxta
473 2305 608 2354 cubiculum
621 2305 722 2353 alumna
733 2324 738 2352 :
756 2322 801 2352 ser-

304 2393 358 2425 rare
368 2378 456 2442 passim
467 2395 508 2444 pro
519 2380 650 2436 observare,
661 2379 786 2428 custodire.

338 2452 395 2499 384.
407 2452 490 2500 Mortis
503 2463 598 2515 parate,
608 2469 680 2517 quam
694 2453 745 2518 ipsa
758 2452 801 2500 sibi

304 2525 411 2590 parabat,
420 2536 461 2574 aut
472 2526 580 2590 adquam
593 2527 749 2575 instrumenta
759 2543 801 2592 pa-

306 2608 415 2648 raserat:
440 2618 524 2663 parare
546 2610 646 2656 mortem,
669 2610 695 2648 ut
721 2618 804 2662 parare

307 2676 361 2730 uim,
375 2673 471 2739 sugam,
490 2683 537 2723 etc.
575 2673 739 2722 lustramenta.
760 2676 804 2722 Zo-

304 2762 361 2795 nam
381 2746 461 2812 laquei
480 2749 533 2796 vice
551 2750 654 2810 deposta
671 2750 804 2795 reuinctum.

305 2822 387 2880 Quum
409 2821 552 2870 cunctationi
574 2821 641 2870 locus
662 2837 708 2869 non
735 2831 805 2878 esset,

306 2893 387 2942 omnia
397 2894 454 2943 lacit
464 2899 536 2956 spatio
547 2897 628 2942 eodem.
662 2896 693 2943 Et
708 2904 734 2943 ut
744 2895 806 2942 mul-

307 2967 384 3015 titudo
403 2984 480 3016 rerum
496 2969 567 3017 simul
584 2979 732 3033 peractarum
748 2969 805 3017 faci-

306 3042 354 3090 lius
364 3043 488 3099 sentiatur,
501 3053 536 3091 ter
549 3043 662 3108 repetitur
677 3061 726 3106 que.
761 3045 805 3092 Di·

309 3118 392 3173 loniot,
408 3117 502 3182 rumpit.
539 3117 596 3164 Tum
613 3121 715 3180 denique,
732 3135 805 3182 quum

307 3205 376 3255 opem
391 3191 491 3248 tulisset,
505 3206 578 3254 seque
597 3207 718 3239 asumma
733 3193 805 3239 animi

308 3264 483 3328 perturbatione
498 3263 638 3327 collegisset.
674 3264 727 3312 Non
741 3275 805 3313 vocnt

301 3336 373 3398 flere,
393 3335 518 3386 adhibetur
536 3347 595 3393 tum,
611 3354 683 3402 quum
702 3354 738 3386 res
760 3355 805 3387 uon

310 3407 420 3456 lacrimas
430 3411 514 3472 poscit,
525 3411 703 3466 redactionem,
715 3412 805 3460 lortitu·

310 3479 399 3537 dinem,
417 3481 540 3538 auxilium,
558 3493 605 3532 etc.
618 3484 650 3531 iv.
668 3485 725 3532 694.
759 3485 804 3532 Lo-

223 3569 230 3588 ·
311 3558 372 3618 quei,
383 3555 474 3603 scilicet
485 3555 547 3604 collo
557 3557 647 3621 injecti.

345 3628 402 3676 339.
416 3628 486 3676 litato
499 3630 550 3678 silet
560 3629 650 3678 dictum
662 3638 689 3678 ut
703 3643 767 3679 muta
778 3636 807 3680 ri-

314 3701 394 3758 lentiu,
412 3716 481 3749 versu
494 3704 535 3759 53,
551 3712 575 3751 et
591 3704 623 3751 iv.
633 3705 689 3753 433.
700 3704 741 3753 ubi
756 3705 809 3754 vide

312 3785 402 3822 notam.
437 3770 533 3832 Tuetur,
543 3776 654 3826 intuetur.
683 3778 763 3827 Tarde
774 3794 808 3827 re·

312 3849 366 3897 ferri
377 3848 468 3915 proprie
480 3850 599 3901 debuisset
610 3852 640 3900 ad
651 3856 777 3902 eonomine.

346 3923 405 3972 ³91.
430 3922 544 3987 cruorque
569 3942 625 3982 mor,
656 3927 715 3990 etc]
745 3927 809 3976 Olim

313 3995 415 4046 alumna
427 3997 558 4048 nudaverat
569 4001 640 4065 plena
649 4001 718 4050 lactis
729 4003 810 4059 ubera,

313 4086 376 4121 nunc
387 4075 476 4122 inania.
499 4075 607 4123 Solennis
615 4085 693 4124 autem
706 4076 757 4124 baec
766 4094 808 4126 ιιιι-

315 4146 399 4198 tritum
420 4155 446 4198 et
466 4160 567 4197 matrum
592 4150 733 4208 obtestatio;
755 4149 808 4200 vide

852 2085 989 2138 Homerum,
1007 2083 1037 2131 ll.
1051 2089 1082 2132 X.
1100 2084 1133 2130 80
1148 2098 1210 2147 sqq3
1228 2084 1342 2137 Senecam,

852 2158 925 2223 Hipp.
935 2159 994 2206 2⁴6.
1003 2165 1028 2205 et
1039 2158 1112 2206 Herc.
1124 2159 1175 2205 OEt.
1186 2159 1246 2206 925.

884 2232 941 2280 393.
950 2232 1076 2295 lingentem
1084 2231 1213 2294 uirorum]
1224 2232 1308 2295 Gierig
1316 2230 1344 2277 in·

852 2312 992 2369 terpretatur
1004 2323 1008 2351 :
1028 2310 1044 2332 “
1056 2304 1098 2353 Nil
1110 2304 1260 2369 respondens
1270 2319 1345 2368 rogan·

853 2379 880 2435 ti,
900 2379 964 2444 quod
983 2379 1076 2443 signum
1100 2388 1137 2426 est
1159 2388 1312 2444 contemptus
1325 2384 1347 2425 et

854 2453 1030 2502 aversationis.”
1054 2454 1113 2500 Haec
1121 2452 1288 2517 interpretatio
1297 2450 1348 2500 milri

853 2527 923 2575 nimis
934 2542 1015 2575 severa
1026 2526 1120 2574 videtur
1127 2543 1134 2584 3
1152 2526 1221 2575 nulla
1232 2540 1269 2575 est
1281 2540 1348 2574 cause

853 2616 895 2648 cur
912 2601 1012 2663 Myrrha
1029 2600 1144 2648 nutricem
1160 2615 1231 2648 suam
1249 2611 1348 2648 contem·

855 2684 896 2722 nat
907 2683 977 2738 atque
986 2674 1114 2722 detestetur
1124 2692 1129 2719 :
1142 2688 1190 2721 non
1199 2674 1262 2722 alius
1271 2688 1349 2737 nempe

854 2764 936 2797 sensus
952 2749 1030 2796 verbis
1047 2749 1129 2812 Gierig
1145 2747 1241 2797 dandus
1258 2760 1311 2809 est;
1330 2758 1350 2796 et

855 2822 923 2870 aliter
934 2821 1113 2885 intelligendum
1123 2831 1159 2870 est
1168 2833 1284 2880 umato,
1292 2821 1350 2887 quod

856 2894 900 2943 hoc
913 2895 965 2943 loco
981 2905 1016 2943 est
1030 2895 1169 2959 simpliciter
1181 2906 1293 2945 avertens
1303 2896 1350 2944 vul·

855 2978 904 3016 tum
921 2985 936 3017 a
952 2969 1052 3024 nutrice,
1069 2985 1117 3034 pra
1139 2978 1206 3017 metu
1228 2979 1272 3018 aut
1289 2986 1350 3020 rere·

855 3043 950 3092 cundia.
993 3043 1032 3092 Sic
1054 3044 1117 3109 apud
1137 3045 1242 3101 Livium,
1260 3046 1304 3094 lib.
1321 3046 1351 3093 iii.

855 3123 893 3167 red
912 3120 955 3166 olii
976 3130 1114 3167 aversantur
1130 3136 1215 3181 preces,
1232 3131 1276 3168 out
1293 3138 1351 3169 uere-

855 3194 950 3247 cundia,
969 3202 1011 3239 aut
1028 3203 1104 3241 metu:
1127 3192 1166 3240 bic
1187 3194 1255 3241 locus
1279 3203 1353 3243 nosue

856 3267 927 3331 plane
942 3275 978 3314 est
994 3264 1094 3328 similis3
1110 3282 1139 3315 ex
1155 3283 1202 3330 quo
1216 3270 1296 3318 ioman
1313 3269 1352 3317 ali-

856 3340 907 3404 qui,
924 3339 1050 3388 Mediceus
1064 3342 1164 3396 scilicet,
1181 3350 1207 3389 et
1221 3343 1322 3407 Argeot.
1332 3353 1354 3395 et

856 3413 946 3477 Thysii,
963 3428 1005 3478 pro
1017 3426 1133 3478 rogantem
1147 3416 1291 3466 invexerunt
1305 3436 1354 3481 pre·

857 3498 954 3535 contem.
987 3488 1065 3536 Etiam
1083 3490 1255 3550 Quintilianus,
1271 3492 1321 3542 viii.
1334 3495 1355 3541 3.

858 3577 897 3625 ego
917 3571 978 3609 certe
999 3564 1054 3609 milri
1074 3580 1168 3611 rernm
1183 3566 1261 3612 videor
1282 3584 1356 3615 errem

858 3637 898 3697 qui
915 3637 1013 3682 aderant
1034 3640 1127 3684 tacitum
1144 3642 1310 3688 onerationem
1330 3659 1356 3688 uc

860 3711 961 3757 timidum
972 3714 1137 3759 verecundiam.
1162 3713 1197 3759 Ex
1209 3713 1298 3776 quibus
1307 3714 1357 3762 nul·

859 3782 908 3830 lum
930 3783 960 3830 dc
980 3800 1050 3833 sensu
1071 3785 1135 3833 illius
1150 3786 1216 3833 verbi
1236 3803 1356 3854 superesse

860 3856 958 3905 dubium
975 3867 1042 3922 puto.
1078 3860 1147 3908 Certo
1164 3871 1205 3917 est,
1222 3869 1248 3909 ut
1265 3861 1301 3912 ix.
1316 3865 1355 3911 43.

861 3934 918 3979 certi
930 3951 974 3980 uon
986 3937 1071 3984 cellere.

893 4007 950 4056 395.
967 4009 1015 4056 Nec
1030 4012 1107 4066 roiam,
1118 4010 1178 4072 eta]
1198 4010 1264 4058 Nota
1279 4010 1304 4058 in
1321 4027 1355 4058 te·

860 4083 988 4144 quentibus
1003 4099 1097 4148 operam
1111 4092 1136 4131 et
1150 4083 1304 4133 sedulitatem
1314 4101 1355 4132 nu-

859 4154 932 4214 tricis,
948 4173 1060 4223 quarem
1076 4158 1188 4222 exquirit.
1218 4158 1277 4208 Post
1293 4176 1356 4221 sporr-
