2774 5004
181 347 246 413 304
465 344 504 408 Ρ.
528 343 689 410 OVIDII
713 344 926 411 NASONlS

184 519 315 617 thue
333 528 412 591 erat
429 517 629 616 impatiens
648 517 724 603 irae,
746 517 874 614 Sigeia
892 530 1014 591 torvo*

181 632 308 707 Litora
326 633 503 731 respexit,
518 634 756 730 classemque
775 632 813 706 in
832 635 953 721 litore,
967 635 1099 708 vultu:
1116 636 1221 730 [quit

181 749 463 846 Intendensque
490 775 635 834 nranuS,
661 749 836 844 Agimus,
856 753 922 847 pro
944 749 1146 848 luppiter!
1173 751 1218 821 in·

178 862 279 936 Ante
293 863 396 937 'rates
415 887 591 952 causam;
622 874 660 935 et
677 889 824 937 mecum
843 864 1035 938 confertur
1055 864 1205 938 Ulixes!

177 978 231 1051 At
247 1003 321 1051 non
340 976 538 1051 Hectoreis
555 977 742 1050 dubitavit
759 980 892 1052 cedere
911 979 1089 1066 flammis,
1199 984 1215 1050 7

178 1093 283 1178 Quas
301 1119 371 1190 ego
389 1095 562 1180 sustinui,
581 1118 676 1190 quas
694 1093 765 1166 hac
781 1119 804 1167 a
820 1096 941 1169 classe
960 1096 1101 1192 fugavi.

177 1208 311 1283 Tutius
329 1222 389 1283 est
406 1210 519 1305 igitur
536 1210 632 1282 fictis
651 1211 879 1283 contendere
897 1210 1035 1294 verbiS,
1094 1213 1212 1310 itum,

178 1323 301 1408 Quam
319 1349 487 1423 pugnare
502 1349 630 1398 manu:
652 1323 719 1396 sed
739 1348 807 1397 nec
822 1325 913 1397 mihi
928 1326 1057 1399 dicere
1073 1348 1211 1423 promp-

175 1523 241 1571 bant.
274 1525 418 1588 Quanquam
434 1523 497 1588 apud
513 1525 611 1573 Homer.
623 1523 674 1571 vul·
721 1518 869 1571 ¹nobilissimo
879 1532 902 1571 et
912 1522 1040 1571 fortissimo
1050 1521 1211 1572 beroctnndu·

175 1613 220 1661 gns
230 1596 306 1647 sedet.
338 1597 409 1663 Ajaci
425 1597 489 1663 apud
502 1599 639 1654 Homerum,
651 1615 674 1645 v.
724 1595 947 1660 lentusetigoavus.
965 1597 1045 1644 Recte
1053 1596 1213 1654 Quintiliane,

176 1685 199 1717 c.
214 1670 244 1718 ll.
262 1676 292 1719 H.
310 1672 368 1719 927.
384 1671 425 1718 ubi
440 1670 511 1719 etiarn
525 1670 672 1726 describitur,
723 1669 783 1716 Inst.
793 1671 836 1716 Or.
847 1670 878 1716 V.
890 1687 912 1717 x.
924 1672 952 1715 41
967 1687 973 1715 :
996 1677 1013 1696 “
1024 1670 1104 1718 Iocus
1115 1668 1147 1716 ad
1157 1683 1211 1716 con·

176 1741 246 1791 datur
263 1744 372 1806 ἔπταβόε
382 1762 412 1794 ον
424 1753 465 1792 aut
478 1743 612 1805 inscitiores
630 1744 673 1792 σά·
724 1741 897 1790 mendationem
911 1758 1006 1806 quoque
1018 1751 1044 1790 et
1058 1742 1170 1792 invidiam
1180 1755 1210 1788 rs·

175 1833 225 1875 κος,
253 1825 341 1881 septem
365 1818 436 1864 boum
464 1817 531 1864 coriis
556 1816 673 1865 obductus
723 1815 769 1862 let:
799 1830 853 1862 narn
881 1824 906 1863 et
928 1815 990 1879 Ajax
1012 1817 1079 1880 apud
1101 1815 1212 1867 Ovidium.

176 1888 293 1952 clypeue;
320 1888 374 1936 vide
396 1889 426 1936 ad
445 1889 485 1938 xii.
503 1892 551 1937 95:
580 1899 603 1936 et
622 1889 671 1954 ipse
723 1891 784 1936 Ante
798 1899 865 1944 rates,
887 1889 972 1953 inquit,
992 1892 1084 1953 agimus
1107 1886 1211 1937 coum''

176 1959 239 2024 ajax
260 1962 416 2024 σακεσφόρος,
437 1962 500 2025 quod
527 1963 613 2011 Noster
635 1963 670 2010 in·
722 1961 784 2009 Hinc
812 1962 911 2010 classem
941 1963 1074 2026 respexisse
1108 1971 1210 2015 monetur,

175 2040 315 2098 terpretatur
327 2036 401 2097 clypei
411 2038 522 2082 domitius.
721 2035 789 2084 vultu
807 2037 858 2100 ipso
884 2035 1071 2099 indignationem
1098 2037 1211 2102 prodente.

207 2108 231 2155 3.
252 2105 291 2162 Ut,
321 2114 402 2171 utpote
428 2106 483 2170 qui;
511 2107 602 2163 Cicero,
629 2125 670 2174 pro
723 2108 1020 2172 confertumseconlert..

173 2177 670 2243 Ruso-Am.17.Horno,utsrutsuriosus,
753 2182 776 2229 7.
794 2182 1091 2246 Atnoallectorcis.etc.]
1116 2182 1211 2246 Trttjani,

173 2255 290 2318 respondet
296 2272 305 2310 ,·
325 2253 359 2301 sic
373 2262 397 2301 et
408 2253 448 2301 xii.
458 2255 514 2302 258.
549 2255 671 2317 Impatiens
721 2254 824 2303 Hectore
834 2254 905 2310 duce,
916 2255 995 2318 ignem
1005 2256 1092 2304 inferre
1101 2258 1211 2305 conaban-

173 2327 221 2382 ἱνα,
238 2324 380 2384 iracundus3
397 2326 487 2382 Livius,
503 2343 528 2373 ν.
547 2328 587 2375 38.
605 2329 671 2377 Galli
719 2336 756 2376 tur
767 2329 866 2376 navibus
877 2329 1024 2384 Graecorum,
1035 2328 1210 2394 quibuscouati·

165 2398 298 2462 flagrantes
306 2401 351 2455 ira,
360 2403 426 2461 cujus
435 2402 554 2459 impatiens
559 2417 614 2464 gens
623 2413 670 2463 est,·
718 2402 763 2448 bus
770 2400 893 2449 fortissime
905 2399 990 2449 restitit
997 2401 1060 2466 AJ‘ax
1070 2421 1076 2461 3
1095 2402 1213 2457 uomens.

172 2471 221 2521 vid.
232 2472 354 2521 Heinsius.
367 2472 451 2530 Quint.
459 2472 544 2520 Calab.
555 2476 608 2523 180.
618 2474 671 2541 μέγ’
719 2474 750 2521 H.
762 2481 789 2523 0.
797 2484 821 2522 et
832 2480 864 2524 Π.
886 2474 976 2522 Eadem
986 2491 1011 2523 re
1021 2476 1209 2539 gloriaturetiam

170 2543 320 2618 ἀσχαλόων.
341 2545 379 2594 Sic
391 2544 492 2594 breviter
503 2561 577 2594 mores
588 2547 670 2611 Ajacis
718 2548 781 2613 apud
798 2548 882 2606 Quint.
899 2548 997 2596 Calabr.
1013 2550 1063 2597 213
1079 2567 1133 2614 sqq.
1165 2549 1211 2596 Sue

172 2627 291 2677 notantur,
310 2628 335 2668 et
352 2620 512 2675 admonemur,
529 2621 606 2684 qualis
618 2621 668 2685 jam
718 2625 791 2670 tin-uit
802 2621 893 2688 proprie
904 2621 1018 2687 impetum
1034 2624 1210 2679 irruentium,et

171 2691 245 2741 oratio
256 2693 405 2758 expectanda
417 2695 456 2741 sit.
475 2693 587 2755 Hesperii,
601 2695 666 2743 vultu
710 2697 809 2761 fugauit
827 2695 906 2744 hostes
921 2697 1028 2745 flammas
1047 2699 1157 2754 terentes,
1175 2696 1209 2746 sed

172 2765 315 2829 ajudicibus
326 2766 357 2813 ad
369 2765 437 2813 litora
448 2781 522 2814 verso.
717 2769 771 2817 hinc
783 2769 854 2818 etiam
869 2768 966 2817 hostiles
983 2770 1100 2819 flammas.
1137 2771 1211 2818 Tutius

203 2842 227 2888 5.
245 2839 484 2903 Intendemmonus]
512 2839 633 2888 Intendere
642 2851 667 2889 et
716 2853 757 2898 est,
776 2842 852 2906 magis
868 2843 978 2890 conducit
996 2843 1027 2890 ad
1043 2843 1145 2908 gloriam
1161 2861 1209 2892 cou-

171 2915 262 2960 tendere
276 2930 355 2959 mortus
367 2914 496 2977 promiscue
510 2923 663 2979 usurpantur:
716 2916 868 2980 sequendam.
905 2918 984 2972 Fictis,
999 2918 1115 2975 subdolis,
1132 2921 1210 2967 uerbis:

169 2985 223 3033 vide
242 2986 365 3032 Drakenb.
386 2986 416 3033 ad
433 2987 525 3042 Silium,
547 3004 588 3035 xv.
606 2989 664 3035 640.
716 2990 749 3038 itu
760 2990 911 3055 contemptim
923 2990 1084 3055 eloquentiam
1096 2992 1211 3058 appellat;

168 3060 264 3124 Agimus
283 3075 381 3106 causum.
409 3058 472 3123 Ajax
492 3076 538 3106 non
558 3060 626 3107 modo
641 3061 664 3108 id
716 3064 818 3122 Quintus
839 3065 923 3112 Calah.
945 3066 1001 3112 222.
1021 3065 1110 3124 μίνθων
1129 3066 1211 3132 'ldprip

169 3132 264 3197 agebat,
279 3139 305 3180 ut
323 3147 388 3179 arma
401 3132 524 3196 acciperet,
542 3133 583 3180 sed
601 3133 665 3181 lorti·
716 3137 821 3196 πίσυνος
831 3137 946 3202 μεγάλων
956 3138 1083 3203 iripoleos
1095 3141 1183 3206 ἔργων.

169 3204 251 3253 tudine
273 3221 323 3261 sua,
345 3221 400 3268 qua,
422 3205 544 3254 interfecto
561 3205 663 3264 Achille,
751 3213 788 3259 10.
809 3214 881 3266 Quum
893 3230 998 3276 pugnare
1012 3232 1100 3272 tuanen
1120 3215 1210 3264 liabent

167 3277 270 3341 reliquos
280 3279 353 3326 duces
363 3295 444 3327 omnes
459 3280 593 3344 superabat,
605 3280 664 3328 adeo
714 3284 758 3333 boc
776 3285 857 3333 heroes
873 3294 897 3333 et
914 3285 1001 3334 milites
1017 3288 1115 3344 strenui,
1128 3297 1154 3337 ut
1168 3288 1210 3336 elo

168 3351 328 3415 iupeibiebab
354 3362 380 3399 ui
400 3353 561 3416 indignissime
586 3355 663 3410 seriei,
714 3360 1210 3424 quentiamspernantpraesualortitudine.

75 3462 77 3466 .
168 3440 311 3488 quemquam
321 3426 415 3482 audere,
424 3428 533 3490 Ulyssem
541 3428 663 3492 imprimis,
713 3448 736 3479 v.
754 3449 775 3480 c.
792 3432 914 3489 Hercules,
924 3432 956 3480 ix.
972 3434 1020 3493 29,
1036 3434 1135 3498 Tydeus
1151 3433 1210 3500 apud

167 3512 214 3544 non
226 3513 306 3552 manu,
319 3498 358 3545 sed
375 3499 505 3546 calliditate
519 3508 542 3546 et
553 3501 664 3548 facundia
713 3506 859 3571 Euripidem,
876 3507 961 3554 Pboen.
972 3523 1022 3555 ver.
1040 3509 1107 3567 603,
1124 3510 1210 3557 Murius

167 3568 332 3625 excellentem,
344 3586 424 3617 secum
436 3571 583 3618 contendere.
611 3573 663 3620 llac
712 3580 775 3644 apud
786 3579 1087 3642 Sallustium,Jug.lxxxv.
1096 3584 1138 3639 313
1151 3583 1208 3646 tljex

165 3641 307 3704 indignitate
323 3652 465 3690 commotum
482 3644 585 3690 animum
604 3661 663 3709 proe·
712 3653 775 3717 apud
793 3654 898 3701 Antisth.
916 3671 939 3718 p.
957 3657 1001 3702 55:
1028 3654 1041 3701 ὁ
1060 3656 1169 3720 πόλεμος
1183 3656 1209 3703 ori

166 3715 229 3762 clare
257 3715 366 3779 exprimit
395 3717 439 3765 hoc
460 3717 581 3765 exordium
604 3735 663 3769 vers.
712 3725 780 3789 λόγῳ
799 3728 915 3790 κρίνεται,
936 3726 991 3774 ἀλλ’
1013 3728 1087 3792 ἔργῳ.
1122 3730 1209 3782 Dicere,

166 3791 263 3848 5-20;
291 3789 401 3853 idemque
424 3807 505 3838 sensus
528 3808 568 3855 per
589 3802 661 3842 totam
711 3800 830 3848 scil.cum
849 3801 968 3855 facundia,
979 3801 1131 3864 eloquentem
1147 3818 1208 3849 esse:

147 3864 293 3912 'orationem
315 3875 406 3927 regnat.
441 3865 609 3929 Indignitatem
630 3869 662 3917 rei
712 3890 774 3938 saepc
792 3874 825 3922 sic
841 3877 914 3924 dicere
930 3875 991 3939 apud
1004 3874 1084 3923 Cicer.
1119 3877 1209 3928 Facere.

165 3939 264 4002 abrupte
285 3948 310 3986 et
331 3954 384 3985 curn
406 3940 471 4002 gravi
493 3941 661 3990 acclamatione
711 3949 824 4012 praeclara
840 3948 942 3996 facinora
957 3948 1036 4003 edere,
1048 3948 1134 3996 torrem
1147 3963 1210 4007 esse;

162 4012 659 4079 prolapiter!dupliciterdeclarat:Agi-
710 4022 845 4078 Sallustius,
869 4023 922 4070 Cat.
945 4024 969 4070 3.
990 4022 1152 4070 “Pulchrum
1176 4031 1210 4070 est

164 4100 216 4133 mus
227 4101 323 4136 causam
336 4098 390 4135 aute
404 4098 472 4142 rates,
484 4105 544 4152 quas
556 4106 600 4153 ego
612 4107 659 4137 ser·
711 4097 771 4144 bene
788 4098 864 4144 facere
881 4097 1031 4163 reipublice:
1057 4096 1131 4144 etiam
1150 4096 1209 4144 bene

164 4159 225 4239 vavi,
237 4169 261 4208 et
275 4179 360 4210 mecum
375 4163 493 4227 corpu-tur
510 4164 593 4219 Ulises,
604 4180 658 4212 cum
710 4168 787 4219 dicere
803 4169 866 4218 lraud
885 4170 1013 4219 absurdum
1028 4170 1092 4218 est.”
1129 4169 1209 4218 Volero
