2774 5004
330 322 801 392 ME'IAIIOIIPHOSEON
824 323 916 392 ΠΒ.
938 324 1044 395 VIII.
1172 328 1216 395 21

163 494 340 573 Pendere
354 498 557 585 desierant,
576 497 725 575 Thesea
742 500 867 586 laude,
887 500 1082 583 tributum.

163 613 327 713 Templa
342 625 589 704 coronantur3
618 616 930 715 bellatricemque
948 615 1160 693 Minervam

164 730 268 803 Cum
291 729 399 818 Jove,
427 731 575 829 Disque
601 744 738 810 vocant
764 732 869 808 aliis:
908 757 1005 830 quos
1032 731 1216 830 sanguine

317 859 417 936 voto,
1141 851 1215 922 265

166 961 469 1061 Muneribusque
483 965 596 1052 datis,
616 975 656 1040 et
672 965 810 1039 acerris
828 964 923 1040 turis
941 963 1138 1038 honorant.

167 1077 370 1177 Sparserat
386 1079 583 1176 Argolicas
601 1105 739 1155 nomen
757 1105 854 1177 vaga
871 1079 988 1154 Fama
1006 1102 1073 1178 per
1091 1080 1202 1154 urbes

166 1192 359 1270 Theseos:
388 1206 428 1269 et
444 1195 588 1294 populi,
607 1221 703 1293 quos
721 1195 828 1270 dives
845 1194 991 1269 Achaia
1008 1195 1123 1293 cepit,

167 1307 294 1407 Hujus
312 1334 423 1409 opem
440 1311 586 1407 magnis
604 1311 849 1410 imploravere
867 1310 1038 1409 periclis:

167 1423 295 1522 Hujus
306 1450 418 1524 opem
430 1426 617 1525 Calydon,
627 1426 798 1524 quamvis
813 1425 1036 1522 Meleagron
1045 1424 1215 1512 haberet,

168 1541 343 1616 Sollicita
359 1543 522 1641 supplex
539 1543 649 1641 petiit
665 1566 800 1642 prece:
829 1566 945 1616 eausa
962 1540 1116 1640 petendi
1142 1547 1213 1617 271

170 1656 248 1730 Sus
266 1668 358 1743 erat,
378 1656 524 1731 infestae
541 1656 703 1731 famulus
720 1657 935 1754 vindexque
954 1656 1100 1732 Dianae.

201 1874 262 1921 26⁴3.
285 1873 374 1929 laude,
394 1871 480 1921 virtute
505 1871 592 1921 Thesei
618 1874 666 1937 glo·
752 1874 808 1922 267.
831 1875 943 1938 Spargere
961 1890 1051 1931 nomen,
1070 1881 1098 1922 ut
1115 1887 1222 1939 pergere

167 1946 241 1995 riusa.
273 1946 304 1995 In
322 1945 492 2012 antiquissimis
505 1945 616 2003 donariis,
627 1946 669 1995 la·
720 1964 828 1997 rumores.
865 1947 929 2012 Vugu
947 1963 1001 1996 eam
1019 1946 1095 2013 ipsam
1112 1947 1143 1996 ob
1162 1963 1220 1999 esu-

168 2017 267 2077 titissar
280 2018 425 2083 gratissimi
438 2017 521 2084 siguis,
531 2028 598 2068 erent
608 2035 669 2068 vore·
719 2037 779 2079 sam,
789 2021 853 2086 quod
865 2021 913 2070 late
927 2020 1018 2086 spargit
1031 2036 1135 2071 romum
1143 2029 1168 2071 et
1177 2037 1221 2071 uo-

167 2109 213 2148 ne,
232 2092 320 2157 quibus
339 2107 410 2158 snper
429 2092 536 2158 postibus
551 2093 670 2157 suspensis
720 2095 793 2144 mina.
831 2096 908 2151 Diues,
940 2094 1041 2152 scilieet,
1072 2094 1222 2161 populorum.

169 2169 257 2228 templu
275 2166 428 2214 ornabantur.
446 2165 502 2214 AEu.
514 2164 540 2214 ii.
554 2167 613 2214 2⁴9.
631 2168 669 2215 de·
720 2169 794 2217 Multi
803 2167 849 2224 illi,
861 2185 921 2233 quos
931 2169 1028 2226 Acium,
1041 2168 1144 2226 umis,
1153 2171 1220 2231 sepit,

171 2241 242 2288 bibra
255 2239 322 2304 sesto
350 2241 424 2289 selues
439 2239 537 2304 frende.
573 2240 669 2298 Vocant,
722 2241 803 2300 babet,
820 2243 901 2308 populi
920 2258 976 2292 eum
994 2241 1159 2308 imploravere.
1191 2240 1222 2291 Id

169 2313 295 2368 invocant,
313 2312 416 2361 inritant
432 2312 463 2361 sd
480 2308 637 2369 ucra,eritu
647 2323 673 2362 et
722 2332 802 2365 verum
825 2326 869 2365 est.
913 2316 974 2365 lude
996 2314 1154 2381 proverbium,
1176 2315 1223 2365 uis

169 2386 274 2435 bunnia
290 2385 390 2443 solenni,
406 2386 436 2435 de
455 2401 503 2450 qua
521 2387 672 2437 burmannus
720 2389 781 2439 ἅνω
796 2408 823 2456 γι
839 2388 949 2451 enolae,
960 2405 1008 2455 quo
1023 2388 1129 2438 omnium
1144 2404 1223 2439 reruni

171 2459 274 2509 ausa.
302 2459 377 2517 loire,
388 2476 456 2510 versu
470 2461 672 2526 500.pleuiusud
721 2464 822 2514 societas
842 2464 1002 2514 indicabatur.
1036 2464 1124 2513 Zenob.
1140 2480 1165 2513 r.
1181 2465 1223 2512 30.

169 2549 337 2584 summonte.
372 2535 500 2591 Quouetc.
535 2535 670 2600 Detriplioi
722 2538 835 2603 Calydon,
851 2538 949 2595 Olenos,
964 2538 1075 2594 Pleuron,
1087 2537 1158 2587 urbes
1175 2539 1221 2587 AE-

171 2607 217 2656 boc
237 2607 351 2656 bonorum
368 2623 454 2672 genere
471 2607 551 2656 oonier
563 2609 605 2657 vii.
626 2612 671 2660 169
721 2614 783 2662 tolie
802 2613 971 2662 celeberrimas.
1005 2612 1114 2665 Quamuis
1133 2612 1221 2659 Meles·

171 2698 229 2748 sqq.
264 2682 374 2739 Munera,
389 2682 496 2738 donaria,
511 2681 672 2748 ἀναθὴματα,
719 2703 777 2752 grou
785 2704 794 2744 ,-
805 2687 840 2734 sic
848 2687 905 2734 subs
916 2694 940 2733 et
947 2684 1041 2732 ‘lbesea
1050 2693 1074 2732 et
1081 2682 1222 2747 Meleagron

170 2771 228 2821 qun
239 2753 310 2805 titulo
321 2755 401 2819 aliquo
412 2755 523 2819 insigniis
539 2754 564 2804 in
578 2758 673 2823 templis
722 2758 805 2807 laudat
816 2759 897 2808 simul.

170 2829 211 2878 vel
233 2829 449 2892 suspendebantur,
467 2829 505 2878 vel
528 2832 672 2895 reponeban-
755 2833 811 2880 271.
830 2833 905 2878 Consu
922 2832 1014 2891 utendi
1030 2830 1086 2885 Sus,
1098 2829 1159 2892 οἱα]
1178 2831 1221 2879 Se-

171 2910 219 2952 tns.
253 2904 342 2951 Acerra
353 2906 420 2959 turis,
432 2912 471 2951 tus
480 2919 487 2962 ;
497 2902 621 2952 continens
631 2919 673 2969 pro
723 2906 803 2969 quitur
817 2904 950 2970 perspicua,
962 2911 1083 2959 aecums,
1093 2903 1223 2970 multisque

169 2985 294 3026 contento.
326 2976 396 3025 Forte
406 2975 585 3026 alicuieMSS.
598 2978 673 3026 tribus
722 2979 852 3028 luminibus
862 2986 976 3028 exornata
985 2977 1095 3026 narratio.
1120 2976 1224 3042 Infesta,-

171 3058 197 3098 et
219 3048 306 3113 viginti
326 3049 402 3114 magu
421 3050 516 3116 placeat
533 3054 627 3106 aenou,
647 3061 673 3099 ut
723 3051 968 3117 Lnngermanniunus,
981 3050 1221 3114 insuite,neglectte.

171 3122 303 3172 multitudo
321 3125 380 3172 turis
395 3123 489 3173 accensi
507 3123 672 3174 indicetur.iv.
724 3128 845 3183 Famulus,
857 3141 900 3192 per
916 3140 988 3190 quem
1003 3123 1084 3173 Diana
1093 3123 1224 3174 vindictam

172 3197 233 3245 750.
251 3198 324 3262 largis
342 3199 459 3246 uriontur
472 3200 576 3250 odardus
594 3203 672 3264 ἐμω,-
722 3200 857 3251 exercebat
891 3197 970 3247 Etiam
984 3197 1026 3246 Dii
1042 3197 1223 3263 minores,qno-

170 3271 215 3320 sii.
230 3273 287 3320 160.
298 3281 445 3337 congestoque
454 3274 553 3333 flumina
567 3273 631 3321 Ture
645 3275 674 3322 li·
724 3289 775 3322 rum
791 3271 926 3321 ministeriis
941 3270 1071 3336 superiores
1088 3272 1223 3329 urebantur,

170 3345 297 3408 qaefiuut:
313 3345 356 3394 sed
373 3353 398 3394 et
417 3347 474 3395 AEu.
491 3364 516 3395 v.
533 3347 590 3395 746.
607 3349 676 3408 pleno
724 3346 807 3395 borum
826 3346 917 3410 januli
943 3344 1062 3393 dicuntur.
1106 3344 1224 3394 Successus

170 3421 267 3481 apples
289 3430 414 3468 ueneratur
433 3437 522 3469 amu.
556 3419 675 3469 Ceterum
724 3423 790 3475 nuni,
824 3418 943 3467 fertilitas.
986 3419 1083 3474 Plenus,
1117 3417 1225 3482 frugibus

173 3492 290 3542 tussillis
305 3494 565 3559 temporibusnondum
579 3510 676 3544 venera·
725 3492 857 3542 abundans.
890 3492 969 3555 Vulgo
989 3491 1073 3556 (sicuti
1094 3499 1119 3540 et
1139 3491 1225 3541 nostris

172 3568 263 3617 bantur
274 3568 349 3617 Deos.
381 3568 427 3618 Pro
441 3571 547 3625 munt,
557 3568 621 3633 qood
633 3569 675 3618 de-
725 3568 854 3619 Codioibus
864 3567 961 3630 Regiis)
977 3565 1055 3614 editur
1067 3567 1148 3627 pbuis,
1159 3565 1224 3630 qnod

170 3643 243 3692 derat
252 3639 367 3690 Heinsius
380 3657 394 3691 e
408 3642 516 3709 pluribus
527 3643 598 3692 Mss.
610 3659 673 3692 revo-
724 3640 824 3697 dietum,
843 3652 869 3688 ot
887 3639 957 3687 Pont.
976 3639 1022 3687 IV.
1041 3637 1083 3686 vii.
1104 3639 1144 3687 17.
1161 3640 1225 3701 pleni

171 3716 363 3767 cavilonensi.
390 3716 486 3765 Etenim
496 3718 607 3766 bonorare
620 3716 677 3766 Deos
717 3716 824 3780 fruetus,
846 3711 949 3779 plurimi.
982 3711 1045 3760 Vide
1066 3711 1097 3760 sd
1121 3728 1145 3760 x.
1165 3713 1224 3761 290.

172 3791 275 3852 amplis,
289 3792 347 3845 sris,
363 3791 461 3839 uictimis
478 3791 583 3840 toruus
597 3790 675 3839 solen·
728 3790 844 3838 Palladios
862 3790 947 3844 lutiees,
964 3785 1051 3834 oleum.
1084 3785 1224 3850 Euripides:

173 3878 220 3915 nes
240 3861 306 3928 apud
323 3863 420 3911 Graecos
436 3872 462 3912 et
477 3862 581 3912 latinos.
621 3863 678 3928 Ipse
727 3856 1225 3925 Ouirocrror'dryp'csrobiparpoubuiiu'su

174 3936 600 4000 nmeleganterhonorssdiountnr.
617 3937 676 3985 Mos
727 3935 824 4000 στάχυν
846 3933 919 3984 θύων
941 3931 1063 3998 ἀπαρχὰς
1085 3932 1129 3980 oris
1156 3932 1224 3981 ἔθυσε

175 4027 248 4060 versu
272 4012 329 4060 780.
362 4011 441 4060 Diana
467 4028 492 4061 se
520 4013 677 4060 inhonoratum
727 4009 844 4075 παροἑνῳ
861 4006 976 4072 'Ariprdu
1010 4009 1045 4055 Eo
1065 4021 1133 4053 mora
1154 4013 1225 4054 vocat

177 4096 257 4135 vocat.
301 4084 372 4149 Regii
398 4086 471 4135 nostri
507 4085 596 4136 babent
623 4088 677 4134 udo·
727 4085 853 4140 Homerus,
874 4098 943 4132 versu
968 4083 1025 4131 ⁵30.
1044 4077 1162 4135 aaran,
1183 4077 1225 4127 ubi

178 4170 241 4210 sust.
726 4156 873 4208 rideSebol.
885 4155 951 4222 Lips.
960 4153 984 4204 in
996 4161 1046 4203 not.
1057 4151 1116 4200 Ειιι.
