2774 5004
291 331 358 398 352
588 329 627 393 P.
651 329 813 396 ovlltn
837 329 1050 397 NASONIS
1135 352 1140 362 ·

293 504 443 577 Ducere
459 501 696 600 principium,
717 503 860 577 Creten
875 514 1044 587 tenuere,
1063 502 1222 601 locique

293 619 405 692 Ferre
422 619 487 691 diu
506 621 684 715 nequiere
701 617 857 693 lovem:
885 629 1117 715 centumque
1135 617 1282 692 relictis

293 733 474 818 Urbibus,
493 732 683 806 Ausonios
700 744 833 830 optant
849 733 1068 829 contingere
1084 745 1238 831 portus.
1274 737 1339 806 708

292 848 410 923 Saevit
443 849 576 935 biems,
603 851 802 945 jactatque
835 848 955 922 viros:
1003 848 1338 947 Strophadumque

290 962 482 1037 Portubus
501 962 626 1037 infidis
643 962 827 1036 exterruit
843 964 922 1037 ales
940 964 1062 1037 Aello.
1150 965 1337 1060 [receptos

291 1076 343 1151 Et
353 1080 432 1174 jam
452 1076 650 1150 Dulichios
667 1088 810 1174 portus,
832 1075 1091 1174 ltbacamque,
1107 1078 1336 1177 Samenque,

292 1193 535 1290 Neritiasque
551 1193 696 1279 domos,
716 1217 874 1288 regnum
891 1192 1035 1267 fallacis
1055 1191 1203 1280 Ulixei,

290 1310 434 1382 Praeter
451 1319 557 1381 erant
573 1309 670 1381 vecti
680 1308 697 1382 ε’
718 1319 901 1383 certatam
918 1309 984 1383 lite
1004 1307 1175 1382 Deorum
1269 1312 1334 1383 713

291 1422 544 1509 Ambraciam,
562 1424 737 1521 versique
754 1424 884 1497 vident
901 1426 972 1499 sub
990 1422 1158 1519 imagine
1175 1447 1309 1499 sexum

289 1537 315 1611 J
318 1540 450 1625 udicis,
470 1539 630 1613 Actiaco
647 1564 734 1637 quae
753 1563 852 1612 nunc
872 1541 920 1613 ab
937 1538 1114 1637 Apolline
1133 1550 1228 1614 nota
1244 1550 1310 1624 est,

289 1654 547 1752 vocalemque
566 1678 636 1728 sua
652 1666 789 1728 terram
809 1652 1013 1727 Dodonida
1027 1677 1190 1751 quercu,

290 1863 333 1908 loci
343 1862 412 1925 ferre
429 1865 470 1910 diu
488 1866 593 1924 nequiere
603 1863 690 1918 Jorem,
703 1878 787 1927 nempe
837 1878 958 1913 nemorose
976 1861 1121 1927 Zacynthos,
1142 1861 1331 1926 Dulichiumque.

288 1948 362 1996 quum
374 1939 528 1997 unumatque
539 1934 638 1982 alterurn
650 1951 738 1983 annum
749 1934 788 1983 bic
836 1936 953 2000 Sameque
964 1933 1092 1984 emerito·
1102 1934 1182 1983 ardna
1191 1934 1264 1984 ntis.
1297 1935 1330 1983 Η·

289 2005 466 2069 transegissent,
477 2005 538 2054 neris
548 2007 660 2068 gravitas,
672 2009 723 2057 lues
737 2024 787 2056 oor·
837 2009 940 2073 fugimus
949 2007 1059 2072 scopulos
1068 2007 1172 2064 Ithaca,
1183 2008 1281 2057 herti·
1287 2023 1331 2071 reg·

289 2079 385 2144 poribus
405 2078 500 2133 infesta,
518 2089 542 2126 et
563 2080 658 2129 siccitas
679 2096 786 2144 agrorum
838 2097 877 2139 na,
888 2081 919 2129 Et
933 2091 1020 2129 terrem
1036 2078 1146 2128 altricem
1163 2078 1225 2128 eorl
1241 2095 1329 2129 exemt-

289 2151 421 2215 relinquere
432 2152 475 2199 illa
489 2151 541 2199 loca
555 2167 595 2199 eos
610 2155 702 2217 coegit5
720 2154 787 2217 l'irg.
838 2169 890 2203 mur
901 2153 993 2201 Ulixi.’'

289 2224 613 2274 AEn.iir.ver.102-133.
646 2227 692 2274 Pro
710 2227 787 2275 lorum
870 2227 926 2275 713.
946 2226 1154 2273 cerulum-note
1170 2235 1224 2281 ας
1244 2223 1331 2273 edde-

287 2298 345 2347 olim
355 2299 477 2363 legebatur
486 2300 545 2348 luem
551 2317 560 2357 ,·
571 2299 613 2347 sed
621 2299 787 2366 Jupitersaepe
836 2300 896 2349 tium
906 2298 1059 2363 appulerunt,
1070 2297 1138 2347 tinne
1148 2296 1274 2348 Ambracii
1287 2314 1331 2363 po

288 2389 331 2438 pro
342 2373 464 2431 tere,b.l.
476 2389 531 2422 cum
539 2373 637 2430 dilectu,
647 2375 705 2439 quie
715 2374 788 2423 Creta
837 2371 986 2431 montorium.
1019 2370 1080 2419 Inde
1098 2370 1124 2420 in
1141 2372 1227 2420 urbem
1243 2372 1332 2419 Am

287 2446 364 2498 solum
385 2448 464 2496 natale
484 2447 560 2496 lovis.
600 2449 679 2507 Quum
701 2447 787 2496 iterum
835 2450 894 2495 eurr
911 2453 1034 2504 venerunt,
1044 2446 1070 2494 in
1086 2461 1136 2511 que
1152 2446 1331 2511 regnabetAn·

196 2538 200 2544 ·
288 2522 409 2571 oraculum
427 2520 607 2577 consuluissent,
618 2536 665 2568 non
682 2521 786 2578 Cretam,
834 2521 901 2577 bru,
914 2520 1025 2569 Herculis
1041 2534 1129 2586 pepon
1146 2519 1250 2584 Dionys.
1260 2519 1331 2569 lltlis

289 2596 331 2645 ted
341 2598 461 2644 Ausonium
472 2593 523 2642 scil.
535 2594 630 2643 Iuliam
641 2603 720 2658 petere
727 2596 786 2659 jusu
835 2593 853 2642 i.
865 2595 906 2643 51.
934 2595 973 2642 De
984 2608 1013 2642 ea
1023 2593 1080 2642 olim
1087 2602 1236 2642 erumnae
1244 2594 1331 2659 Apollo,

290 2667 693 2732 sunt3Virgil.ver.137-191.
727 2669 786 2717 Cen·
837 2667 917 2716 Diana
930 2676 955 2716 et
966 2667 1089 2715 Hercules.
1118 2666 1333 2731 Cngaleujeder

289 2754 339 2790 tum
364 2744 444 2797 urben
472 2740 504 2787 ir.
523 2740 578 2789 665.
612 2742 681 2787 Struit
707 2743 784 2796 biems,
836 2740 957 2803 (nonnulli
973 2738 1076 2796 Indicis,-
1095 2739 1216 2788 Praeerat.
1231 2740 1262 2788 ed
1280 2740 1332 2788 Pro-

288 2816 346 2880 quia
361 2814 516 2880 procellosum
532 2829 596 2861 mare
613 2813 637 2860 in
656 2812 693 2860 his
709 2814 786 2878 plagis
835 2814 945 2878 pertiurn,
959 2812 994 2860 iii.
1008 2813 1046 2860 10.
1057 2811 1116 2876 legit
1136 2812 1256 2876 Vindicis)
1272 2812 1330 2862 elec·

287 2904 338 2935 esse
357 2888 432 2946 solct;
450 2887 503 2934 ride
521 2887 601 2948 Heyn.
611 2886 641 2933 ad
656 2887 723 2949 Virg.
734 2903 783 2934 rer.
835 2896 873 2934 tus
890 2902 904 2934 a
922 2886 983 2941 Diis,
997 2902 1069 2949 quum
1087 2885 1245 2936 Ambraciam
1261 2901 1332 2935 aaa·

290 2963 346 3010 19⁴2.
380 2962 521 3022 Strophades,
532 2961 585 3008 dure
598 2960 681 3008 insule
692 2960 785 3007 inmari
835 2960 907 3008 visset
923 2959 1030 3014 Herculi,
1041 2960 1072 3008 ab
1087 2956 1202 3024 Apolline
1218 2961 1245 3009 in
1260 2976 1333 3008 erm

287 3033 364 3089 Ionio,
385 3032 526 3082 occidentali
547 3033 702 3097 Peloponnesi
723 3033 784 3080 litori
834 3049 909 3081 ceretu
926 3041 977 3091 est3
994 3035 1084 3081 Auton.
1100 3028 1154 3081 hb.
1169 3048 1225 3099 cap.
1243 3035 1269 3082 4.
1300 3033 1333 3081 lbi

285 3110 398 3159 obversa.
431 3109 486 3155 lluc
507 3124 536 3156 ex
555 3107 625 3154 domo
641 3106 724 3154 Phinei
743 3123 784 3155 ex·
834 3108 905 3156 etiarn
916 3106 994 3155 nobile
1005 3104 1119 3171 templum
1131 3108 1249 3168 Apollinis
1259 3109 1333 3156 Aetia·

286 3185 360 3249 pulsu
376 3191 442 3231 erant
453 3198 467 3230 a
481 3183 537 3230 Zeta
548 3191 572 3229 ct
583 3180 653 3230 Calai
665 3180 784 3244 llarpyiae,
834 3184 869 3237 ci,·
887 3181 978 3236 Strabo,
989 3179 1031 3228 lib.
1040 3196 1064 3229 x.
1074 3196 1098 3244 p.
1109 3181 1167 3229 451.
1200 3180 1333 3247 Apollinem

287 3260 311 3307 in
327 3259 413 3322 quibus
429 3272 477 3304 una
493 3258 574 3312 Aello‚·
591 3254 646 3302 vide
661 3254 691 3302 ad
704 3253 743 3301 vii.
755 3255 784 3312 35
835 3256 955 3303 Actiacum
966 3253 1057 3301 dlctum
1067 3259 1126 3318 puto
1139 3269 1171 3303 ex
1187 3268 1226 3312 eo,
1236 3253 1334 3319 qnodin

286 3332 353 3391 l'irg·
372 3347 420 3378 ver.
437 3331 485 3377 209
505 3346 556 3393 sqq.
590 3329 668 3377 Dictae
691 3328 784 3375 luerunt
835 3325 913 3374 navali
930 3325 1019 3389 prelio,
1037 3341 1084 3390 quo
1100 3325 1194 3374 devicit
1212 3328 1334 3392 Augustus

286 3400 716 3465 Stropluulerdrrbriycorpopric,hoc
725 3409 785 3448 esta
835 3399 964 3448 Antonium
987 3408 1011 3449 et
1034 3399 1198 3464 Cleopatram,
1220 3401 1334 3450 auxillum

285 3476 434 3526 conversione
445 3476 507 3521 Zetae
519 3484 543 3521 et
552 3474 632 3523 Calais
642 3492 648 3531 ;
664 3490 718 3521 nam
728 3474 785 3521 illuc
835 3473 944 3536 Augusto
956 3471 1036 3521 tulisse
1046 3471 1188 3521 credebatur
1198 3491 1205 3533 ;
1223 3483 1249 3523 et
1259 3489 1334 3524 metm

285 3546 486 3611 usquellarpyias
495 3548 610 3610 persecuti
619 3556 679 3593 retro
687 3546 785 3594 rediero.
834 3546 974 3596 sententiam
998 3547 1098 3612 probant
1120 3546 1194 3595 verba
1220 3565 1286 3596 nune
1307 3549 1334 3595 el

287 3622 405 3669 Euterruit
426 3618 532 3666 horrifico
553 3618 644 3664 alarum
664 3618 783 3679 clangore,
835 3623 940 3682 Apolline
952 3630 1055 3668 rotoett.
1084 3620 1152 3668 Lauri

263 3752 266 3756 ι
283 3694 335 3742 dira
347 3706 411 3745 voce,
423 3700 483 3738 tetro
494 3690 573 3745 odore,
584 3690 685 3754 dapibus
698 3690 783 3754 partim
867 3694 922 3741 716.
943 3693 1255 3757 vocalemque-Dodonide,
1270 3693 1331 3757 etc-J

284 3768 389 3832 direptis,
411 3765 496 3829 partim
524 3764 645 3811 immundo
670 3773 782 3812 contactu
834 3766 1163 3816 Nuncrnaledeserltducem
1173 3766 1333 3832 montepnd

284 3839 388 3896 t'oedatis,
397 3838 503 3901 tristique
511 3837 607 3885 oraculo
617 3837 691 3885 edito.
709 3839 784 3886 Juxta
834 3840 968 3904 Virgilium,
977 3857 1024 3890 ver.
1032 3841 1079 3888 291
1090 3856 1127 3904 sq.
1135 3839 1221 3889 relicto
1230 3840 1332 3889 Ambra·

285 3917 365 3964 Sumen
379 3922 415 3961 est
425 3912 570 3959 Dulichium.
607 3911 705 3967 Neritos,
717 3910 781 3958 ltba·
832 3915 870 3962 cio
880 3914 942 3969 sinu,
954 3914 1157 3978 praetervehuntur
1169 3912 1332 3960 Plancius.

284 4006 318 4039 cae
337 4004 417 4037 mous:
436 3985 575 4049 eedb'oster
589 3983 707 4033 diversam
726 3985 781 4033 lacit
831 3988 967 4053 Corcyram,
988 3998 1037 4036 tum
1060 3988 1129 4036 litora
1150 3985 1217 4051 Epiri
1238 3986 1330 4051 legunt,

283 4066 314 4113 ab
326 4065 410 4111 Ithaca
425 4061 536 4115 insulam,
547 4069 642 4107 secutus
654 4060 719 4123 l'irg.
733 4076 779 4109 ver.
831 4072 923 4123 portum
934 4062 1067 4110 Chaonium
1084 4063 1175 4108 intrant
1189 4069 1215 4109 et
1229 4059 1331 4109 Bntbro·

282 4139 331 4185 270
341 4153 397 4200 sqq:
418 4142 435 4163 “
447 4136 462 4184 J
465 4150 503 4182 am
513 4132 591 4183 medio
600 4143 698 4198 apparet
706 4133 779 4181 fluctu
830 4143 880 4183 tum
891 4135 995 4193 aucune
1012 4135 1053 4184 sed
1065 4132 1256 4199 rpudNostrum
1267 4131 1331 4197 print
