2774 5004
163 313 207 376 40
459 306 498 372 P.
523 305 684 372 OVIDII
708 304 919 370 NASONIS

164 482 364 559 Exsatiata
379 480 527 566 domus,
547 489 683 576 proeter
702 478 945 574 Gorgenque,
965 499 1179 573 nurumque

164 597 314 670 Nobilis
332 595 537 681 Alcmenae,
557 593 656 666 natis
674 592 712 664 in
731 616 889 689 corpore
908 593 1043 690 pennis

164 713 334 800 Allevat;
361 723 400 785 et
417 701 548 805 longas
567 733 634 806 per
651 709 805 782 brachia
822 709 978 804 porrigit
993 708 1095 792 alas3

167 827 390 924 Oorneaque
408 850 473 899 ora
486 826 597 911 facit;
626 848 830 920 versasque
848 847 915 921 per
932 845 1020 896 aera
1037 819 1168 893 mittit.

214 941 261 1016 V.
280 942 429 1016 Interea
446 941 615 1013 Theseus
634 939 766 1011 sociati
784 948 890 1035 parte
907 937 1046 1010 laboris
1138 937 1207 1007 546

166 1056 348 1143 Functus,
369 1054 602 1128 Erechtheas
620 1053 832 1126 Tritonidos
851 1053 930 1125 ibat
946 1053 994 1125 ad
1013 1074 1135 1124 arces.

167 1172 316 1245 Clausit
333 1172 415 1257 iter,
433 1170 598 1268 fecitque
617 1193 738 1242 moras
758 1168 948 1240 Achelous
966 1165 1084 1250 eunti,

167 1285 292 1360 Imbre
320 1297 490 1360 tumens:
528 1294 551 1323 “
574 1285 745 1357 Succede
772 1282 904 1368 meis,''
928 1282 992 1366 ait,
1012 1289 1035 1318 “
1054 1279 1207 1375 inclyte,

318 1401 442 1487 tectis,
1139 1395 1209 1466 549

168 1515 400 1614 Cecropida3
430 1540 499 1590 nec
518 1527 556 1589 te
573 1514 766 1588 committe
785 1512 983 1608 rapacibus
1002 1509 1128 1582 undis.

167 1629 279 1704 Ferre
298 1633 424 1704 trabes
443 1630 595 1715 solidaS,
614 1629 844 1725 obliquaque
861 1625 1008 1699 volvere
1023 1648 1163 1720 magno

168 1743 361 1818 Murmure
379 1768 472 1818 saxa
489 1745 632 1818 solent:
661 1743 736 1815 vidi
753 1740 986 1815 contermina
1003 1741 1094 1837 ripae

168 1857 267 1937 Cum
285 1860 461 1955 gregibus
479 1859 630 1936 stabula
647 1858 722 1931 alta
739 1857 853 1945 trahi;
875 1880 944 1929 nec
958 1854 1118 1929 sortibus
1135 1854 1208 1927 illic

163 2140 221 2181 aunt
237 2133 388 2183 crateribus.
420 2133 524 2198 Collegit
532 2133 574 2181 illa
584 2133 662 2182 omnia
713 2131 821 2180 feliciter.
856 2129 950 2178 Etenim
977 2129 1109 2182 Achaicum,
1132 2126 1174 2192 qui
1198 2141 1212 2175 c

166 2205 272 2270 Begerus
279 2207 304 2254 in
312 2207 379 2264 libro,
388 2207 538 2272 Meleagride
545 2217 568 2255 at
577 2209 663 2254 AEtolin
716 2205 792 2253 Pindo
803 2204 893 2252 effusus
909 2204 939 2252 ab
950 2218 1035 2251 occasu
1048 2201 1166 2250 AEtoliam
1176 2201 1211 2249 di·

162 2294 192 2327 aa
212 2284 355 2336 numbmou,
378 2279 488 2344 inspersis
510 2279 663 2329 marmoribus
712 2277 814 2326 rimabat
827 2279 857 2325 ab
871 2275 1045 2330 Acarnanibus‚
1057 2273 1212 2338 objicit'lbc·

166 2350 317 2416 quibusdam.
712 2367 753 2400 seo
764 2350 888 2414 Calydone
900 2349 1009 2397 Athenas
1018 2346 1139 2396 redeunti.
1167 2350 1212 2395 Ar·

198 2427 336 2474 546-610.
361 2428 433 2490 Origo
454 2427 592 2483 insularum,
610 2443 664 2489 quus
714 2441 763 2481 res,¹
781 2425 875 2473 urbem:
895 2422 948 2471 uide
965 2421 995 2470 ad
1010 2420 1051 2470 vii.
1062 2422 1104 2470 54.
1136 2421 1213 2470 Athe·

167 2500 277 2547 Achelous
286 2500 388 2565 j'eesrnt,
401 2501 545 2548 Fabinodum
559 2510 579 2547 at
597 2500 663 2548 Pari·
714 2515 758 2546 nas
779 2498 818 2546 hic
843 2497 933 2562 duplici
959 2495 1064 2561 epitheto
1088 2495 1214 2559 insignitas

165 2574 239 2622 males.
272 2576 310 2624 Ac
327 2574 454 2623 Echinades
470 2573 567 2638 quidem
581 2574 664 2623 insula
714 2573 775 2621 male
793 2573 826 2619 ait
838 2571 932 2635 Gierig:
950 2584 1005 2617 nam
1019 2568 1151 2618 Tritonidos
1165 2585 1212 2618 nou

166 2659 255 2711 asperae
272 2655 297 2695 et
310 2646 415 2703 inculte,
428 2646 527 2696 undeet
541 2646 569 2695 iis
580 2663 665 2695 nomen
714 2654 749 2693 est
761 2644 891 2708 epitheton.

166 2718 277 2776 inditum,
296 2738 343 2769 non
359 2722 429 2785 longe
447 2722 545 2769 aberant
561 2722 591 2769 ab
605 2721 665 2769 ostio
746 2719 804 2767 549.
824 2718 928 2774 Clausit3
944 2713 998 2764 vide
1009 2714 1038 2762 ad
1052 2715 1083 2763 vi.
1095 2716 1153 2763 572.
1174 2715 1211 2764 De

166 2792 281 2841 Acheloi:
299 2795 392 2851 Strabo,
402 2794 444 2843 lib.
455 2811 478 2842 x.
488 2812 513 2859 p.
523 2796 584 2854 45³;
600 2795 665 2843 Thu-
715 2795 778 2841 tactis
789 2791 911 2839 fluviorum
920 2788 974 2837 vide
984 2788 1014 2837 ad
1025 2788 1042 2836 i.
1053 2790 1111 2838 574.
1132 2789 1212 2838 Ache-

166 2865 272 2930 cydides,
289 2868 323 2916 Il.
340 2885 364 2933 p.
384 2869 444 2926 171;
470 2878 494 2916 et
514 2869 545 2915 ab
565 2868 665 2917 Acheloi
714 2865 745 2914 lui
761 2874 851 2914 tectum
867 2865 984 2911 internum
998 2862 1048 2926 ipse
1059 2862 1212 2911 mordescri·

166 2937 285 2989 alluvione
301 2950 362 2988 natue
379 2941 546 2989 credebantur:
565 2942 664 2998 Plinius,
714 2939 757 2987 hit.
790 2941 919 2986 Succedunt
936 2940 1007 2991 tectis,
1024 2934 1066 2999 qui
1082 2950 1112 2982 eo
1128 2936 1212 2985 dever-

166 3010 192 3059 ii.
203 3014 250 3073 85;
271 3014 370 3077 Dionys.
385 3013 476 3076 Perieg.
488 3030 536 3062 ver.
547 3016 594 3062 433
612 3032 664 3080 sqq.
715 3020 776 3059 tunt.
808 3011 892 3059 Suavis
906 3018 943 3057 est
960 3009 1011 3056 bec
1028 3016 1053 3056 et
1068 3008 1177 3058 invitatio
1189 3017 1214 3058 et

167 3085 279 3141 Causam,
287 3102 329 3135 cur
337 3103 385 3134 non
394 3087 529 3135 cohaereant
537 3103 591 3134 curn
602 3097 665 3136 terra
714 3087 768 3134 inde
786 3098 837 3135 orta
853 3084 1023 3140 sermocinatio,
1041 3099 1094 3148 quae
1112 3084 1215 3148 pertinet

167 3159 312 3216 continente,
324 3159 462 3215 Pausanias,
473 3159 563 3207 Arcad.
574 3177 597 3224 p.
609 3161 665 3209 647.
714 3161 745 3209 ad
764 3161 807 3208 lib.
828 3161 850 3207 ir
869 3161 970 3208 Metam.
989 3159 1030 3207 96.
1047 3157 1088 3206 ubi
1110 3158 1214 3222 hospites

166 3230 244 3279 reddit
271 3232 347 3280 hanc:
376 3247 450 3295 quum
471 3232 570 3286 AEtolia,
592 3233 666 3298 pulsis
715 3232 850 3290 discedam,
878 3222 924 3281 dou
955 3239 1081 3297 expectata
1113 3230 1214 3279 fluminis

168 3303 263 3361 AEtolis,
275 3304 365 3352 inculta
371 3305 470 3367 jaceret,
480 3303 612 3353 Acheloum
624 3305 666 3354 de-
715 3321 785 3370 pace.

167 3376 232 3425 siisse
243 3378 323 3426 limum
337 3388 361 3426 et
377 3379 456 3427 sordes
472 3378 598 3435 advehere,
612 3379 665 3444 qui·
747 3380 805 3427 551.
824 3379 895 3427 Ferre
913 3381 993 3434 trahes,
1004 3378 1064 3440 etc.]
1089 3378 1119 3425 In
1136 3377 1214 3425 flumi-

167 3449 212 3498 bus
236 3451 370 3500 Echinades
397 3460 577 3500 annecterentur
598 3461 664 3500 terrae
716 3453 752 3501 nis
760 3453 871 3501 tumentis
881 3451 1041 3516 descriptione
1050 3451 1137 3499 Nostro
1146 3451 1214 3516 prai-

167 3523 305 3572 continenti.
332 3524 380 3572 Sed
388 3524 450 3589 apud
462 3524 578 3588 mythicos
586 3526 665 3574 Ache·
715 3535 799 3574 verunt
816 3525 948 3580 Lucretius,
965 3524 981 3572 i.
997 3527 1053 3572 182.
1068 3526 1131 3585 2903
1148 3524 1215 3589 Virg.

168 3595 228 3652 lons,
235 3596 308 3645 iratus
318 3597 450 3661 ide0,qnod
462 3613 476 3646 a
487 3598 596 3663 nymphis
603 3609 666 3664 post-
715 3600 775 3647 AEn.
794 3598 818 3648 ii.
836 3601 941 3648 305-7.
955 3608 980 3647 et
996 3600 1045 3647 496
1061 3614 1115 3663 sqq.
1148 3599 1214 3663 Apta

169 3667 295 3718 haberetur
314 3670 368 3719 Diis
393 3669 493 3726 rusticis,
516 3687 557 3719 cas
578 3672 666 3729 efficit;
716 3670 768 3719 hec
784 3671 816 3720 ad
833 3671 1006 3720 deterrendum.
1043 3672 1096 3720 Vidi
1103 3690 1112 3730 ‚-
1135 3673 1215 3721 confer

168 3741 237 3790 etsie
249 3742 300 3790 brec
312 3743 392 3792 sabula
402 3743 524 3792 commode
534 3746 667 3793 annectitur
717 3761 739 3793 r.
747 3746 803 3793 569.
838 3747 933 3793 Stututu
945 3747 994 3793 ulta
1004 3746 1081 3804 trahi;
1099 3745 1180 3794 confer
1190 3764 1214 3794 a.

169 3814 292 3879 superiori,
309 3815 333 3863 in
354 3832 402 3880 qua
420 3817 501 3865 Diana
518 3817 618 3866 similem
636 3819 666 3867 ob
717 3818 777 3867 627:
797 3835 838 3883 pro
857 3822 928 3874 trubi,
941 3819 974 3867 sic
985 3821 1087 3868 Veteres
1103 3823 1173 3882 rupi,-
1190 3828 1215 3868 at

169 3904 267 3938 causam
282 3889 433 3938 irascebatur.
466 3891 549 3939 &cieri
565 3909 618 3953 pars
633 3894 666 3940 lu·
717 3893 778 3940 trabi
799 3891 946 3956 exquisitius,
965 3903 990 3940 et
1008 3893 1067 3942 bene
1089 3892 1119 3942 de
1138 3892 1215 3941 fluviis

170 3963 245 4019 dorin
266 3978 320 4027 pars
335 3963 409 4010 virilis
430 3964 522 4012 laboris.
555 3964 668 4013 Nondum
716 3967 849 4029 rapacibus.
883 3967 960 4014 Etiam
971 3967 1095 4030 Virgilius,
1106 3967 1170 4016 dicto
1181 3967 1214 4015 lo·

168 4035 268 4084 dimittit
280 4036 369 4092 Thesea,
381 4036 423 4085 sed
438 4037 517 4102 plures
531 4038 602 4086 rebus
617 4038 668 4104 ejus
717 4054 754 4097 co,
765 4057 816 4088 cum
826 4042 922 4088 stabulis
933 4050 1036 4090 armento
1053 4043 1133 4091 trabit.
1167 4039 1215 4088 Noc

169 4108 264 4160 tabulas
273 4110 387 4169 annectit,
399 4127 535 4176 quanquam
552 4128 599 4162 non
611 4111 668 4162 satis
709 4112 821 4177 fortioro,
830 4122 876 4163 etc.
886 4121 914 4163 ut
923 4114 939 4163 i.
950 4114 1006 4162 305.
