2774 5004
346 336 815 405 METAMORPHOSEON
840 338 934 407 ΗΒ.
955 328 1040 408 XV.
1147 341 1214 413 iffi

162 513 295 598 Quum
312 512 438 586 subito
455 512 549 586 vidit
565 511 805 589 frondescere
822 513 1009 589 Romulus
1027 514 1186 605 hastam,

163 628 262 713 Quae
280 629 406 702 radice
424 651 533 715 nova,
552 652 628 701 non
644 628 742 702 ferro
760 630 887 703 stabat
903 629 1051 717 adacto,

165 743 219 817 Et
229 746 310 841 jam
327 768 403 816 non
421 744 551 829 telum,
571 744 639 817 sed
657 744 748 820 lenti
766 744 914 817 viminis
932 745 1042 819 arbor

169 861 259 935 Non
277 872 498 959 expectatos
516 860 632 934 dabat
649 861 920 935 admirantibus
939 862 1104 935 umbras.
1142 864 1215 936 564

218 975 286 1073 VI.
303 976 382 1049 Aut
399 1000 469 1049 sua
484 976 664 1049 fluminea
677 1000 794 1076 quum
812 975 906 1049 vidit
921 975 1041 1073 Cipus
1061 975 1099 1049 in
1114 978 1218 1052 unda

168 1092 333 1179 Cornua,
348 1092 444 1164 vidit
461 1092 574 1177 enim,
594 1091 803 1188 falsamque
822 1092 859 1163 in
876 1090 1038 1184 imagine
1056 1090 1218 1165 credens

167 1206 265 1280 Esse
282 1206 409 1294 fidem,
429 1206 557 1301 digitis
576 1206 623 1279 ad
641 1205 801 1279 frontem
820 1230 922 1303 saepe
940 1205 1080 1291 relatis,

167 1321 265 1406 Quae
282 1322 388 1409 vidit,
407 1322 554 1418 tetigit:
583 1346 654 1395 nec
667 1324 748 1418 jam
766 1346 835 1395 sua
851 1321 994 1394 lumina
1009 1321 1192 1394 damnans
1220 1321 1223 1325 ’

168 1436 340 1522 Restitit,
360 1448 402 1509 ut
418 1436 537 1509 victor
554 1438 695 1511 domito
714 1437 907 1511 remeabat
924 1437 972 1510 ab
989 1437 1111 1511 hoste.

168 1552 233 1626 Ad
246 1552 459 1649 eoelumque
470 1552 611 1639 oculos,
624 1562 663 1625 et
677 1552 809 1625 eodem
817 1551 970 1625 brachia
979 1551 1128 1638 tollens,
1143 1555 1218 1626 570

169 1676 196 1706 ‘⁴
206 1667 510 1764 Quidquid‚”ait‚
524 1676 547 1705 ‘⁴
559 1667 707 1765 Superi,
716 1679 881 1741 monstro
889 1665 1221 1765 portenditurisot,

172 1782 251 1856 Seu
268 1783 396 1855 laetum
415 1792 486 1868 est,
504 1781 634 1879 patriae
652 1782 793 1868 laetum,
812 1781 1028 1879 populoque
1047 1779 1218 1864 Quirini:

170 1897 259 1970 Sive
276 1897 417 1982 minax,
437 1894 528 1968 mihi
546 1896 595 1969 sit
607 1896 641 1969 :”
667 1895 853 1992 viridique
871 1920 892 1970 e
910 1896 1055 1994 cespite
1072 1893 1192 1969 factas

171 2012 308 2086 Placat
324 2012 486 2086 odoratis
505 2012 684 2086 herbosas
702 2011 851 2108 ignibus
869 2036 974 2100 aras;

170 2127 347 2225 Vinaque
357 2127 424 2200 dat
437 2125 592 2224 pateris,
603 2138 928 2225 mactatarumque
938 2127 1135 2201 bidentum
1146 2129 1220 2201 575

173 2242 275 2327 Quid
294 2243 365 2315 sibi
384 2243 607 2339 significent,
627 2243 855 2341 trepidantia
870 2244 1032 2318 consulit
1049 2253 1150 2316 exta.

172 2357 268 2442 Quae
286 2358 397 2432 simul
416 2357 584 2457 inspexit
600 2358 806 2457 Tyrrhenae
824 2359 947 2454 gentis
965 2359 1168 2455 haruspex,
1222 2384 1224 2389 ·

173 2471 316 2572 Magna
332 2474 488 2571 quidem
505 2497 628 2548 rerum
646 2472 838 2547 molimina
853 2472 948 2545 vidit
964 2472 1002 2544 in
1019 2471 1105 2556 illis,

175 2762 314 2811 Herculem.
348 2762 425 2811 Missa
435 2779 465 2811 ex
476 2761 597 2811 Aventino
607 2778 674 2811 mon·
722 2778 763 2811 sus
772 2762 865 2811 hostem
878 2760 1072 2827 proficisceretur,
1087 2773 1139 2807 esse
1152 2765 1221 2807 nuta.

174 2845 207 2891 te,
226 2838 297 2893 hesit,
312 2835 361 2884 fin
374 2845 418 2893 ost,
432 2835 458 2884 in
471 2836 597 2895 Palatium
614 2837 675 2885 Lae·
723 2836 753 2884 In
765 2836 829 2885 bello
844 2850 907 2901 sepe
923 2833 1009 2898 digitos
1025 2832 1055 2881 ad
1069 2833 1169 2880 frontem
1182 2848 1223 2882 re·

173 2908 265 2957 tentius
281 2910 306 2958 iu
320 2910 476 2973 Argumenta.
508 2911 566 2957 Erat
581 2925 676 2968 comen,
723 2911 903 2971 interamnae
924 2924 977 2957 vero
990 2907 1085 2955 rediens
1102 2907 1133 2954 ab
1153 2905 1226 2956 horte·

174 2991 199 3030 et
210 2982 325 3047 quamdiu
335 2983 378 3031 illa
385 2981 488 3047 vigebat.
496 2984 595 3032 florebat
603 2984 676 3032 etiam
724 2984 784 3032 seire
803 2983 885 3039 voluit,
903 2981 962 3047 quid
979 2981 1023 3030 illo
1042 2979 1220 3044 significarent3

173 3056 299 3119 imperium
310 3057 454 3105 Romanum.
491 3058 674 3116 lautiniminim
724 3057 806 3121 itaque
817 3056 910 3112 restitit,
921 3065 968 3104 etc.

172 3129 285 3178 flexibilis
305 3131 392 3194 virga:
417 3146 502 3179 coruus
523 3131 586 3179 enim
607 3132 676 3182 arbor
757 3131 816 3179 574.
835 3131 931 3178 Platori
949 3127 1059 3176 dicuntur
1076 3143 1132 3183 arn,
1147 3142 1224 3190 quum

173 3218 252 3251 mmoa
262 3201 390 3252 admodum
401 3203 517 3252 flexibiles
528 3202 614 3251 babet:
638 3204 675 3250 bo·
725 3202 768 3251 Dii
778 3203 903 3268 placantur
911 3200 984 3250 saeris
992 3200 1017 3248 in
1026 3215 1068 3248 nra
1078 3199 1147 3249 lactis
1156 3217 1163 3258 ;
1172 3198 1222 3248 vid.

173 3294 229 3324 nom
242 3278 299 3326 tello
312 3287 381 3325 vocat
391 3276 514 3341 Virgilius,
530 3276 618 3340 Georg.
632 3275 675 3325 lib.
725 3278 884 3326 Burmannus.
902 3276 1095 3335 Hincplurobilrs
1107 3273 1227 3339 eraapud

174 3350 202 3400 ii.
212 3365 263 3398 ver.
275 3351 332 3398 447.
725 3350 811 3414 Virgil.
819 3350 919 3399 AEneid.
926 3347 970 3398 vii.
979 3349 1035 3396 764.
1057 3348 1224 3409 Trepidantie3

208 3424 349 3473 sos-621.
368 3423 483 3474 Grnutiur
495 3425 580 3487 cippus
590 3439 675 3474 eomu-
725 3425 866 3472 conserver.
881 3425 935 3472 136.

174 3506 214 3546 tus
233 3497 320 3546 lactus.
355 3497 424 3546 Conl.
445 3499 529 3547 Valer.
545 3497 675 3554 Maximus,
757 3498 814 3546 677.
831 3498 945 3559 Inspicere
959 3505 983 3546 et
997 3499 1117 3559 inspiciam
1132 3494 1226 3561 propria

173 3589 198 3619 ν.
218 3571 242 3618 6.
275 3570 387 3619 Meminit
407 3573 459 3636 ejus
479 3572 552 3620 etiam
576 3570 675 3628 Plinius,
725 3572 755 3621 de
763 3572 1003 3638 hnrrrspioibns;vide
1011 3569 1145 3620 Heinsium.
1153 3570 1228 3634 Tyrr-

174 3643 209 3692 xi.
228 3645 269 3693 37.
302 3645 357 3692 Fuit
372 3656 474 3709 praten
491 3644 534 3694 sed
551 3659 599 3709 quo
615 3652 675 3692 tem·
726 3648 788 3695 liene
801 3651 876 3712 gentis
895 3648 1016 3709 bumrrper.
1049 3648 1130 3705 Quum
1145 3660 1174 3693 ex
1193 3645 1229 3694 E·

174 3717 337 3782 porevixerit,
349 3733 396 3766 non
410 3727 512 3767 constat.
544 3717 675 3767 Hoevide-
726 3720 811 3769 truscis
832 3720 876 3769 hoc
898 3718 1050 3769 divinationis
1072 3734 1114 3784 per
1135 3718 1227 3767 viscera

174 3805 229 3838 mus
236 3791 281 3839 boc
290 3792 343 3854 ipso
350 3791 411 3849 loeo,
423 3793 481 3841 nihil
489 3794 511 3842 ei
519 3792 590 3841 luisse
600 3793 678 3841 carina
727 3793 883 3842 animantium
891 3809 967 3857 genus
974 3793 1077 3841 Romani
1085 3791 1225 3848 didicerant.

173 3863 260 3929 patria.
297 3865 368 3927 Cipus
389 3881 435 3915 non
458 3868 550 3930 cippus,
571 3866 678 3915 scribunt
728 3876 792 3916 reete
806 3867 906 3915 Ovidius
922 3866 1069 3931 Tyrrhenum
1087 3870 1156 3910 vocat
1170 3877 1226 3914 enm

174 3937 264 3986 vetusti
281 3937 385 3996 codices,
396 3939 507 3989 Valerius
517 3938 641 3988 Maximus
654 3946 680 3989 et
728 3939 962 4006 dequohicngitur.
1004 3938 1091 3985 Rerum
1101 3936 1226 3993 modaitio,

175 4011 253 4058 numi.
730 4016 899 4064 revolutionem
936 4011 1048 4061 civitatis.
1091 4008 1226 4074 Mauffma,

208 4085 267 4134 569.
285 4085 678 4136 Rerumbotabborte.an.Mex·
728 4096 808 4135 certe:
834 4087 868 4135 sic
890 4085 1011 4150 manifesta
1037 4084 1140 4139 victorio,
1161 4091 1227 4135 certo

172 4156 241 4209 imus
254 4168 343 4219 narrat,
357 4175 445 4211 cornua
459 4161 491 4219 ei,
503 4176 579 4227 quum
593 4161 678 4212 advar-
728 4168 850 4218 eventum,
861 4159 953 4215 Florus,
964 4157 1001 4208 11.
1010 4156 1052 4206 vii.
1062 4156 1086 4205 7.
