2774 5004
327 338 797 406 METAMORPHOSEON
821 337 913 404 LIB.
936 339 1038 409 XIV.
1148 343 1215 409 378

161 514 368 610 Inquinat:
395 513 484 587 huic
501 512 605 586 lusos
622 511 755 586 latices
773 512 899 586 radice
916 513 1066 587 nocenti

164 630 342 727 Spargit3
371 639 411 703 et
423 630 624 702 obscurum
642 628 838 702 verborum
857 630 1016 725 ambage
1033 654 1214 706 novorum

162 744 238 818 Ter
255 745 386 818 novies
403 768 555 818 carmen
573 745 719 840 magico
737 745 995 820 demurmurat
1011 770 1087 821 ore.

165 861 300 959 Scylla
315 860 431 948 venit,
450 861 651 956 mediaque
669 874 779 935 tenus
797 860 1047 936 descenderat
1064 862 1162 949 alvo,

164 977 294 1060 Quum
313 1000 382 1049 sua
397 975 527 1049 foedari
546 978 771 1051 latrantibus
791 977 945 1072 inguina
962 976 1139 1049 monstris
1167 981 1218 1050 60

163 1092 338 1190 Aspicit;
367 1115 411 1164 ac
428 1091 549 1189 primo
566 1117 642 1165 non
660 1092 818 1166 credens
836 1091 1002 1190 corporis
1020 1091 1104 1164 illas

165 1205 266 1280 Esse
285 1205 343 1280 sui
362 1218 500 1304 partes,
520 1205 746 1303 refugitque,
767 1207 973 1302 abigitque,
991 1207 1178 1304 timetque

166 1322 248 1395 Ora
261 1332 435 1420 proterva
447 1346 606 1396 canum:
626 1322 694 1396 sed
709 1346 803 1419 quos
818 1321 925 1417 sugit,
943 1320 1095 1394 attrahit
1109 1343 1201 1407 una3

167 1436 220 1511 Et
237 1460 375 1534 corpus
394 1462 566 1534 quaerens
584 1436 780 1523 femorum,
799 1460 1038 1532 crurumque,
1059 1437 1218 1533 pedum-

167 1553 379 1625 Cerbereos
395 1553 511 1627 rictus
530 1576 597 1650 pro
615 1554 785 1650 partibus
804 1553 945 1625 invenit
961 1550 1056 1625 illis:
1106 1552 1215 1648 [que,

168 1667 333 1764 Statque
350 1691 488 1741 canum
506 1668 641 1755 rabieS,
662 1668 910 1764 subjectaque
928 1676 1035 1762 terga
1053 1664 1216 1739 ferarum

169 1781 395 1879 Inguinibus
412 1783 566 1869 truncis,
582 1793 765 1879 uteroque
785 1791 952 1868 extante,
972 1792 1134 1854 coercet.
1167 1785 1214 1854 67

220 1897 341 1972 Flevit
351 1923 481 1973 amans
494 1898 682 1988 Glaucus3
700 1899 933 1995 nimiumque
943 1896 1127 1970 hostiliter
1140 1920 1219 1970 usae

166 2013 323 2087 Viribus
341 2014 540 2087 herbarum
558 2014 655 2111 fugit
672 2013 861 2088 connubia
879 2012 1023 2086 Circes.
1083 2014 1216 2108 [mum,

169 2128 301 2227 Scylla
317 2130 402 2203 loco
420 2130 581 2204 mansit:
611 2154 806 2227 quumque
827 2139 886 2204 est
903 2129 993 2202 data
1013 2127 1124 2226 copia
1141 2129 1216 2226 pri·

168 2243 215 2315 ln
237 2242 368 2317 Circes
385 2244 513 2316 odium
532 2244 643 2317 sociis
662 2245 835 2342 spoliavit
855 2244 1008 2318 Ulixen.
1170 2247 1214 2316 71

166 2404 207 2461 sit,
225 2404 424 2467 portentificisque.
457 2404 521 2452 Nam
538 2405 668 2467 portentifi·
720 2403 819 2469 pbinum
834 2401 925 2451 caudas
937 2411 1003 2451 utero
1017 2403 1141 2451 commissa
1154 2403 1222 2468 lupo·

167 2495 230 2534 mem,
241 2476 331 2526 faciens
342 2487 459 2543 portento,
469 2487 565 2526 mouns
579 2479 604 2527 in
617 2494 669 2544 por-
720 2477 797 2525 rum.”
830 2476 924 2541 Nempe
936 2476 992 2523 inde
1006 2476 1036 2523 ab
1047 2477 1160 2531 Homero,
1171 2477 1221 2525 0d.

168 2559 238 2599 tenta
253 2567 275 2599 s.
288 2550 360 2599 miras
377 2551 572 2607 formos,dictum
588 2559 670 2608 estut
723 2557 756 2599 Μ.
768 2552 800 2599 85
809 2565 864 2613 sqq.
875 2550 940 2597 varie
950 2548 1069 2614 descripto
1080 2558 1126 2597 est.
1160 2549 1220 2598 Sen-

168 2640 193 2672 v.
210 2625 270 2671 217.
286 2625 374 2687 mpla
395 2626 474 2673 vultos
495 2625 618 2684 Medusae3
646 2633 671 2673 et
720 2639 760 2672 sus
785 2631 883 2670 mutare
909 2622 1004 2671 eosdem
1033 2624 1081 2671 lere
1105 2621 1221 2687 expressit

169 2696 211 2744 vii.
228 2697 285 2744 360.
301 2699 425 2761 vulnificus
441 2714 486 2747 sos.
519 2697 599 2747 Etiam
615 2713 670 2747 mor
720 2695 906 2762 virgiliuscu.
930 2695 1068 2745 “Piscibus
1080 2705 1105 2745 st
1121 2695 1221 2745 canibus

168 2771 293 2835 antiquam
304 2770 430 2820 lectionem
440 2772 597 2820 mvocandam
608 2771 670 2820 erbi-
720 2771 808 2819 rabidis
835 2769 926 2818 vallate
955 2776 1063 2833 repente,
1090 2768 1222 2818 llorribiles

170 2851 228 2898 tror,
241 2843 287 2892 llic
301 2861 386 2906 pressos
397 2847 483 2900 latices,
497 2861 568 2910 quam
581 2845 671 2894 babent
720 2845 808 2893 circum
819 2844 879 2892 vidit
889 2843 934 2890 sibi
944 2842 1026 2891 sistere
1037 2842 1131 2891 formes.
1164 2843 1220 2893 Heu

170 2916 245 2980 Regii
255 2917 360 2967 codices.
394 2916 489 2975 Rodios,
500 2934 529 2966 ex
546 2918 632 2974 herbis,
644 2925 671 2966 ut
720 2919 812 2983 quoties
827 2918 912 2966 mirata
926 2932 998 2965 noros
1011 2916 1128 2981 expalluit
1139 2918 1218 2968 artus!

171 2990 214 3038 vii.
226 2991 283 3039 264.
316 2994 426 3058 Ambogss
437 2992 510 3040 etiam
521 2992 552 3041 de
557 2991 670 3040 obscuri·
720 2994 777 3058 ipsa
791 3008 846 3041 suos
856 2990 948 3055 quoties
958 2990 1004 3039 lreu
1014 2989 1137 3053 pertimuit
1147 2990 1221 3042 latre-

170 3072 222 3112 tete
238 3065 361 3121 sermonis,
377 3074 404 3113 ut
421 3066 485 3113 l'sst.
501 3067 536 3114 iv.
548 3067 606 3114 261.
624 3082 671 3112 om·
721 3067 791 3114 tus!’'
820 3065 1148 3129 Corpusfemmtm,lemore.
1173 3065 1219 3114 Ju-

170 3139 238 3202 bages
247 3141 312 3185 ortis
321 3139 435 3196 οὺειιινις
451 3146 477 3186 et
486 3139 511 3186 in
523 3138 601 3194 Ibide,
610 3139 669 3188 stt.
722 3139 799 3188 eunde
809 3155 910 3202 querens
920 3145 944 3187 et
956 3139 1052 3186 inuenit.

170 3213 276 3275 ambages
292 3214 337 3259 oris
352 3213 449 3260 obscuri.
485 3211 672 3261 Terdemttrmu·
754 3214 794 3261 66.
823 3213 917 3274 Statque
937 3209 1160 3273 cosummat]
1184 3209 1237 3287 ΗίΙ

171 3294 230 3341 ταις
248 3284 466 3334 videedvii.251.
722 3285 769 3334 duo
780 3301 861 3332 versus
877 3282 970 3332 mendis
985 3283 1092 3331 laborare
1106 3282 1149 3331 visi
1165 3292 1222 3333 sunt

205 3358 248 3406 ou.
273 3358 374 3414 Foedori,
396 3357 529 3414 deformari,
547 3357 674 3425 corrumpi.
723 3358 830 3412 Heinsio,
852 3355 894 3420 qui
915 3356 998 3412 sunsit,
1020 3356 1116 3418 Stetque
1138 3374 1223 3406 essese

170 3433 255 3497 seyne
274 3432 396 3482 succincte
415 3434 555 3481 letantibus
575 3437 674 3498 inguim
722 3433 793 3487 ratic,
803 3430 827 3478 b.
839 3445 863 3478 e.
875 3429 994 3477 interiores
1004 3437 1085 3493 partes
1094 3428 1120 3478 in
1133 3445 1223 3483 cauum

171 3506 397 3562 materensibus
412 3506 517 3563 marinis,
527 3507 598 3555 etium
610 3508 673 3573 apud
723 3505 813 3554 rsbiem
827 3512 968 3553 mutentur:
986 3502 1029 3552 sed
1039 3511 1110 3569 poete
1121 3503 1165 3553 hoc
1175 3504 1222 3553 lor.

172 3579 536 3644 Virg.l·1el.vi.7b.etcir.59
550 3596 603 3646 sqq.
614 3581 672 3629 item
723 3588 785 3629 tasse
795 3580 879 3635 voluit,
891 3585 939 3627 stet
952 3585 1045 3626 muteta
1059 3577 1084 3626 in
1099 3594 1171 3628 csnes
1186 3594 1223 3627 rs·

123 3710 129 3720 ,
170 3654 239 3720 epud
256 3654 369 3702 Nostrum
386 3655 428 3702 vii.
440 3655 480 3702 64.
491 3654 531 3702 ubi
548 3654 612 3702 cont.
624 3664 672 3703 not.
722 3651 805 3713 bidos3
823 3652 848 3700 id
867 3659 894 3700 ut
912 3651 1013 3715 gredtor
1030 3651 1180 3716 exprimeret,
1198 3653 1224 3704 iu

170 3736 198 3777 et
210 3727 299 3792 llygin.
310 3727 335 3775 d.
346 3727 365 3775 l.
399 3728 480 3792 Atque
490 3728 525 3776 its
536 3736 634 3792 apparet
646 3728 671 3776 in
722 3725 833 3775 duritiem
848 3725 969 3790 quandam
981 3723 1078 3773 incidit:
1098 3726 1156 3774 nibil
1166 3741 1225 3789 ergo

173 3802 280 3868 lipperti
301 3802 401 3867 Dactyl.
417 3801 435 3849 i.
452 3803 491 3851 ta.
505 3802 546 3850 79.
580 3801 628 3849 Sed
647 3802 672 3850 in
722 3809 819 3850 mutem.
837 3797 975 3848 lactantius
985 3797 1010 3845 iu
1019 3800 1078 3861 Arg.
1089 3809 1154 3846 tenus
1163 3801 1223 3860 pots

172 3876 305 3926 Wiukelm.
321 3877 390 3925 Mon.
406 3876 469 3925 ined.
485 3892 509 3925 n.
520 3877 562 3924 ³7.
573 3876 670 3924 exbibe-
722 3877 855 3923 caodmm
865 3873 970 3939 efferato.
995 3875 1094 3928 conset
1104 3871 1223 3936 complec-

172 3961 221 4006 tor,
235 3950 314 4015 quslis
330 3965 345 3998 a
360 3949 429 4013 Virg.
441 3950 497 3998 AEn.
514 3948 549 3997 iii.
562 3949 618 3997 ⁴26.
630 3949 672 3998 de·
723 3949 788 3999 titur.

171 4025 297 4074 scribitur:
315 4022 422 4071 “Prima
439 4020 539 4071 hominis
556 4022 674 4080 lacies,et
756 4024 798 4071 71.
816 4023 885 4071 Sociis
895 4022 999 4083 spoliavit
1014 4017 1116 4079 Ulixem]
1140 4014 1222 4078 Scylla

173 4096 277 4162 pulchro
300 4103 397 4161 pectora
415 4094 481 4158 virgo
503 4095 572 4143 Pube
592 4103 676 4143 tenus:
727 4111 768 4145 sex
786 4095 879 4159 Ulyssis
894 4095 970 4143 socios
986 4107 1000 4141 e
1017 4106 1076 4141 nare
1092 4088 1223 4147 devoravit,

174 4183 296 4239 postremo
304 4170 402 4219 immuni
411 4185 506 4236 corpore
517 4168 608 4234 pistus,
617 4168 676 4217 Del·
728 4183 866 4234 quenquam
887 4168 958 4218 Circe
978 4180 1033 4215 eum
1059 4163 1225 4220 admonuerat,
