2774 5004
170 328 235 394 176
456 322 499 389 P.
523 321 686 391 ovtun
708 318 921 391 NASONIS

172 500 325 597 Datque
346 509 471 572 torum
494 521 653 596 cespes:
683 498 776 571 libet
802 497 872 571 hac
901 494 1145 593 requiescere
1163 503 1213 566 te·

321 637 407 688 cum
424 612 443 639 ’'
886 649 889 655 ·
1018 660 1022 665 -
1053 660 1057 668 -
1146 611 1212 681 556
1236 628 1250 657 ‘v

170 729 240 827 (Et
256 727 470 827 requievit)
490 736 513 766 ‘⁴
529 726 687 802 humo:’'
702 727 915 824 pressitque
933 734 973 799 et
989 747 1160 820 gramen,
1177 731 1231 795 et·

171 845 293 944 Inque
308 846 391 919 sinu
400 845 561 942 juvenis
574 842 865 941 positacervice,
877 839 1028 917 reclinis
1050 840 1207 937 [ipsum;

171 962 236 1036 Sic
254 962 328 1049 uit3
357 984 401 1034 ac
419 960 553 1034 mediis
571 959 760 1034 interserit
775 958 906 1030 oscula
921 957 1071 1028 verbis:

219 1075 393 1149 Forsitan
404 1072 567 1147 audieris
585 1073 750 1171 aliquem
768 1070 971 1145 certamine
985 1093 1122 1143 cursus

171 1191 330 1266 Veloces
347 1190 549 1287 snperdsse
566 1188 684 1262 viros:
713 1212 787 1260 non
804 1185 930 1260 sabula
947 1209 1076 1258 rumor
1141 1186 1202 1257 561

170 1306 240 1381 Ille
254 1305 345 1394 fnit;
375 1304 578 1401 superabat
595 1302 718 1376 enim:
747 1325 817 1375 nec
832 1301 958 1374 dicere
975 1325 1124 1398 posses,

171 1419 301 1496 Laude
317 1420 470 1519 pedum,
489 1419 665 1492 sormaene
683 1418 781 1490 bono
799 1416 1037 1514 praestantior
1055 1425 1170 1489 esset.

167 1733 260 1789 genter,
278 1724 340 1774 sedit
365 1726 391 1772 in
417 1725 522 1789 grumae
549 1734 573 1773 et
596 1725 666 1788 juxte
715 1721 788 1788 idque
815 1722 845 1770 ob
873 1719 976 1774 lucinus,
991 1719 1081 1769 mureti
1107 1727 1163 1767 sunt
1186 1718 1207 1766 is

168 1797 312 1854 Adonidenr,
332 1808 360 1847 ut
383 1795 460 1862 ipsum
488 1797 622 1861 attingeret,
639 1807 665 1845 ut
714 1794 802 1844 leones.
829 1793 899 1844 conr.
911 1792 1001 1858 llygin.
1009 1793 1058 1842 ish.
1067 1790 1206 1858 1853Apd·

168 1870 245 1919 solent
255 1879 369 1919 ementes.
392 1870 491 1920 Heroid.
504 1869 535 1919 iv.
544 1871 584 1918 9⁷.
594 1869 664 1919 Phe·
714 1869 817 1926 lodorus,
827 1869 877 1916 lIl.
888 1869 921 1917 ir.
932 1869 948 1914 2
958 1885 964 1927 ς
982 1867 1148 1932 Pslnplrstus,
1158 1881 1206 1933 esp

168 1941 212 1990 dre
228 1942 384 2008 Hippolytum
402 1942 446 1990 hoc
463 1943 514 2008 ipso
525 1943 625 1992 Veneris
640 1951 664 1992 et
717 1944 755 1992 li.
783 1942 890 1990 Breviter
900 1939 1006 1990 subulam
1015 1939 1164 1995 lneoeritus,
1173 1936 1207 1991 ld

167 2014 285 2065 Adonidis
298 2015 408 2081 exemplo
417 2015 563 2074 sdhortstur,
573 2027 600 2066 ut
610 2017 664 2082 qni·
687 2053 689 2058 .
713 2014 947 2080 titiosqqautgir.
974 2014 1206 2071 Trectsventutes

167 2089 480 2141 escutsubindeavenstu:
499 2092 610 2153 Sepesub
624 2095 664 2139 ilr'-
713 2090 857 2156 Apollodoro
881 2097 955 2155 petet.
976 2087 1051 2136 etiarn
1078 2087 1206 2154 Euripides.

167 2167 230 2213 eidus
242 2164 348 2214 Venerem
356 2165 486 2228 Cinyraque
496 2175 598 2214 creatum
609 2165 663 2213 Sus·
713 2163 766 2212 Hoc
786 2162 837 2212 loeo
855 2162 938 2210 Venus
958 2160 1019 2226 ipss,
1038 2161 1109 2226 cnjus
1126 2175 1207 2226 msgna

167 2241 239 2290 tinuit
249 2242 329 2302 positos
336 2240 438 2302 praelibet
448 2241 516 2287 herbe
524 2241 589 2286 duos.
616 2240 662 2287 Re·
713 2253 767 2303 psrs
779 2236 804 2286 in
821 2252 849 2285 ee
865 2251 890 2285 re
906 2236 991 2290 lueret,
1002 2234 1107 2284 fecunde
1120 2250 1173 2283 esm
1185 2242 1207 2282 et

166 2315 255 2362 eidem.
282 2313 348 2361 Note
368 2321 405 2361 est
425 2314 508 2363 Venus
525 2311 664 2377 φιλομείδης
713 2311 794 2359 ordine
804 2318 891 2358 nmen
920 2309 974 2357 Nos
982 2308 1074 2371 fabule
1083 2311 1207 2356 mritis

167 2385 274 2444 Homeri,
299 2394 324 2434 et
347 2383 393 2446 ἡδύ
417 2384 583 2450 γελοιήσασα
610 2385 664 2436 vide
706 2386 779 2449 fide,-
796 2385 830 2433 sic
841 2384 933 2447 fabrile
953 2399 1029 2431 menes
1050 2381 1117 2448 epod
1135 2384 1206 2431 Hess-

166 2457 292 2508 Heinsium
308 2459 350 2524 qui
364 2462 469 2508 renidens
485 2475 515 2508 ex
529 2459 664 2509 Florentino
714 2458 780 2514 tium,
802 2457 824 2504 1.
841 2455 890 2505 0d.
908 2456 942 2503 iv.
959 2456 1005 2504 16:
1034 2470 1083 2504 non
1102 2466 1140 2505 est
1158 2455 1205 2504 hec

164 2534 191 2582 8.
211 2532 290 2582 Marci
309 2532 406 2599 recepit,
426 2549 500 2598 quum
520 2533 599 2581 ueteri
619 2533 662 2581 bu·
712 2530 777 2579 fictio
803 2528 834 2578 ed
862 2529 1029 2578 delectandum
1058 2538 1206 2594 compsam

164 2606 238 2655 beent
253 2607 291 2655 vel
312 2608 402 2655 reclivis
421 2606 459 2655 vel
480 2609 582 2662 reclinis,
599 2605 662 2670 quod
712 2604 756 2652 sed
774 2619 860 2659 rumor,
880 2601 952 2650 immo
971 2601 1036 2650 sums
1054 2611 1166 2652 constsns
1184 2611 1206 2652 et

164 2688 257 2744 grutem
273 2680 330 2730 setis
348 2680 477 2743 imaginem
495 2678 607 2728 exhibet:
626 2697 662 2728 re·
712 2686 786 2726 certe.
820 2675 977 2726 contunditur
1000 2684 1083 2725 temen
1104 2676 1157 2726 hee
1174 2677 1207 2725 is·

164 2754 288 2818 elisis,qui
298 2763 363 2817 tergo
374 2769 399 2802 se
411 2751 662 2818 inclinstsdeliquid;
711 2751 783 2812 buls3
800 2766 872 2816 quum
888 2749 951 2799 enim
968 2750 1021 2798 due
1036 2749 1159 2798 Atslsute
1173 2750 1207 2798 lu·

165 2825 220 2874 side
243 2828 385 2892 Interpretes
404 2826 435 2874 sd
456 2827 548 2882 Silium,
564 2843 589 2874 v.
606 2828 661 2874 470.

165 2897 205 2946 Sic
219 2914 245 2947 os
259 2899 383 2955 Adonidis,
394 2915 497 2964 quocum
512 2900 662 2965 loquebatur,

167 2971 254 3020 intueri
275 2973 351 3037 potuit
373 2972 467 3021 reclinis
483 2973 575 3021 Venus.
610 2973 662 3021 Hoc

165 3042 238 3108 igitur
261 3044 379 3093 revocavi.
413 3047 495 3094 Venus
509 3046 604 3095 declivus
614 3049 661 3110 flo-

165 3135 218 3166 ren
238 3120 330 3167 eumilo
350 3128 386 3166 est
407 3119 472 3184 epud
493 3120 660 3177 Claudianum,

166 3192 231 3239 mi.
242 3194 267 3240 4.

198 3266 337 3313 560-707.
355 3266 479 3315 Atalantae
499 3266 559 3316 dues
580 3267 661 3316 habuit

166 3337 310 3402 untiquitas:
328 3340 425 3389 vidend
438 3342 486 3388 viii.
498 3343 556 3389 317.
590 3343 661 3391 Nune

166 3411 321 3476 intelligenda
342 3414 460 3470 Boeotica,
479 3416 589 3465 Schoenei
613 3417 662 3465 filia

165 3485 234 3549 (vide
254 3502 303 3534 ver.
320 3487 389 3546 609.)
411 3504 481 3552 quam
504 3491 589 3538 Noster
616 3490 659 3538 mi-

168 3558 240 3614 nime,
252 3567 279 3607 ut
294 3559 335 3607 elii
351 3572 466 3615 suctores,
478 3578 532 3609 eum
544 3563 662 3612 Arcadica

165 3633 281 3682 eoniudit.
304 3633 333 3680 ut
347 3649 417 3682 cursu
433 3635 552 3699 superanti
562 3637 661 3685 velocis·

165 3707 237 3756 simos
256 3707 317 3754 viros
342 3708 469 3757 antevertit
489 3709 658 3774 Hippomenes,

167 3781 244 3845 pomis
253 3781 325 3845 jectis
339 3782 460 3831 retardans
471 3784 522 3847 ejus
532 3782 660 3848 impetum

167 3852 224 3902 lsinc
241 3870 270 3902 er
292 3853 381 3903 loedere
398 3871 450 3904 eum
471 3856 539 3904 duxit
556 3872 660 3908 uxorem.

164 3926 213 3976 Sed
232 3943 306 3993 quum
321 3929 409 3992 gratius
425 3939 504 3993 egeret
521 3931 598 3979 nullas
613 3933 660 3981 Ve-

167 4001 225 4058 neri,
246 4016 318 4066 qvem
338 4001 478 4067 sdjutricem
501 4003 616 4053 habuerat
636 4006 661 4054 in

163 4076 305 4132 certamine,
315 4076 357 4126 ille
371 4079 453 4126 embos
467 4078 500 4126 ita
516 4078 624 4136 irritavit,
635 4091 661 4128 ut

166 4151 193 4200 in
209 4153 263 4201 luco
274 4150 360 4200 Matris
370 4152 448 4200 Deum
463 4155 661 4214 concumberent;

711 2826 779 2880 erint.
789 2827 896 2880 Tzetzes,
907 2822 1071 2887 Pulaeplrstus,
1081 2833 1107 2872 et
1117 2822 1159 2872 elii
1168 2823 1207 2872 tn'·

712 2900 788 2948 bunut
802 2900 846 2948 hoc
860 2898 915 2947 filie
926 2896 995 2953 Jnsii,
1006 2897 1072 2961 quod
1087 2905 1139 2946 eret
1155 2897 1207 2948 fitis

711 2974 839 3023 Sclroenei:
859 2969 984 3020 Milsnioni
1000 2970 1068 3028 item,
1079 2972 1145 3036 quod
1160 2980 1207 3020 erst

712 3046 877 3111 Hippomenis.
904 3048 969 3094 Lsss.

743 3122 801 3170 562.
821 3120 868 3168 Nec
879 3122 953 3167 dicere
962 3118 1054 3180 possen]
1076 3118 1146 3168 Unus
1156 3119 1206 3167 Me-

711 3193 793 3242 dieeus
808 3211 849 3241 uee
861 3196 936 3241 dicere
951 3201 1081 3254 promptum
1093 3202 1136 3250 est,
1148 3190 1207 3257 quod

711 3269 847 3317 Burmeuno
862 3268 954 3315 videtur
967 3282 997 3314 er
1011 3265 1062 3314 xiii.
1077 3267 1119 3315 to.
1130 3281 1206 3331 sump-

712 3351 770 3392 tum.
809 3343 889 3390 Laude
912 3344 1004 3402 pedum,
1020 3342 1143 3405 somene,
1164 3348 1207 3389 etc.

711 3416 765 3463 Hac
786 3414 875 3480 duplici
894 3414 966 3464 lande
986 3413 1059 3462 etiam
1078 3413 1206 3462 mudum

712 3489 769 3536 ulios
776 3488 945 3551 imigniserst3
960 3496 985 3536 et
995 3486 1052 3536 inde
1059 3487 1152 3552 pendet
1161 3494 1208 3536 tots

711 3562 799 3611 fabula.
834 3563 940 3618 Pedibus,
950 3560 975 3609 id
986 3569 1032 3618 eet,
1043 3576 1115 3610 cursu
1131 3561 1208 3610 exoel·

711 3636 759 3685 lere
776 3639 932 3686 summatenus
948 3635 1013 3700 apud
1029 3635 1145 3695 Grncou
1161 3636 1210 3684 Ho-

711 3727 797 3768 merus,
813 3711 860 3759 Od.
879 3717 908 3760 θ.
926 3710 982 3758 147.
1016 3709 1081 3758 Setis
1095 3709 1209 3759 concinne

711 3788 761 3833 leus
771 3789 853 3848 perium
863 3793 888 3834 et
896 3787 980 3849 some
990 3786 1073 3832 ionum
1083 3784 1130 3833 eibi
1139 3799 1209 3850 oppo-

710 3868 806 3909 nuntur.
839 3860 894 3908 Non
907 3859 979 3924 igitur
992 3858 1167 3921 preterendum
1180 3874 1207 3907 ex

711 3934 792 3982 multis
806 3935 877 3982 MSS.
883 3933 993 3998 forneus
1008 3933 1074 3982 lesu
1101 3933 1207 3981 roman

710 4022 773 4070 sepe
789 4010 871 4056 mirum
885 4006 944 4062 diei,
954 4005 1026 4055 docet
1039 4007 1208 4057 Eumenem:

710 4085 774 4142 pedes
784 4097 904 4146 procursu
911 4080 1022 4139 solenne.
