2774 5004
300 324 346 390 86
595 320 636 386 P.-
660 319 823 387 ovlun
847 320 1080 389 NASONIS·

301 497 415 595 Saepe
433 504 684 570 retentantem
702 504 803 570 totas
822 493 1025 593 restingere
1043 507 1183 584 vester,
1279 505 1346 574 208

299 613 618 709 Sternentemque
635 612 775 696 trabes
794 612 1099 711 irascentemque
1116 614 1267 689 videres
1349 652 1355 660 ·

300 727 510 812 Montibus,
529 739 594 803 aut
611 730 732 827 patrio
750 731 969 804 tendentem
987 730 1143 804 brachia
1160 731 1271 805 coelo.

300 841 403 919 Ecce
423 842 564 918 Lichan
582 845 784 943 trepidum,
804 855 842 919 et
860 846 1074 919 latitantem
1093 870 1187 944 rupe
1205 856 1337 920 cavata

299 957 470 1058 Aspicit:
499 970 617 1057 utque
637 960 744 1034 dolor
764 961 907 1034 rabiem
927 963 1132 1058 collegerat
1151 985 1325 1051 omnem;

299 1084 325 1114 “
340 1073 461 1161 Tune,
482 1073 635 1163 Licha,'’
653 1075 762 1162 dixit,
784 1075 955 1149 “feralia
972 1077 1074 1150 dona
1090 1075 1242 1150 tulisti?

297 1188 405 1263 Tune
419 1213 513 1263 meae
526 1190 632 1264 necis
646 1200 775 1264 auctor
790 1191 864 1264 eris
875 1191 913 1264 l’'
932 1191 1061 1265 tremit
1074 1191 1151 1278 ille,
1164 1202 1351 1290 pavetque

298 1304 483 1393 Pallidus,
503 1317 541 1380 et
560 1306 691 1380 timlde
709 1308 824 1381 verba
841 1308 1066 1382 excusantia
1082 1307 1188 1381 dicit.
1279 1312 1349 1381 215

297 1419 512 1510 Dicentem,
525 1422 763 1521 genibusque
778 1446 912 1496 manus
925 1423 1106 1497 adhibere
1118 1432 1331 1520 parantem,

298 1537 465 1637 Corripit
481 1537 649 1625 Alcides,
669 1549 709 1612 et
724 1550 859 1635 terque
877 1548 1089 1636 quaterque
1107 1549 1272 1612 rotatum

297 1650 420 1726 Mittit
437 1654 475 1726 iu
494 1652 696 1740 Euboicas,
716 1664 903 1729 tormento
922 1656 1068 1742 lortius,
1088 1657 1224 1729 undas.

297 1764 369 1840 Ille
387 1792 456 1866 per
473 1769 592 1841 aerias
611 1769 780 1866 pendens
798 1769 966 1844 induruit
983 1794 1114 1844 auras:

299 1880 431 1980 thue
441 1883 566 1957 serunt
576 1884 714 1958 imbres
726 1885 859 1982 gelidis
870 1909 1112 1959 concrescere
1119 1885 1261 1972 ventis;
1276 1890 1350 1958 220

295 2093 383 2132 carent.
415 2083 463 2133 Sed
484 2085 636 2133 Burmannus
663 2088 796 2134 irascentem
845 2089 941 2151 genibus
951 2089 1068 2135 admouere
1078 2101 1168 2133 mnus.
1199 2084 1297 2133 Iaritua
1306 2084 1351 2135 tuit

296 2157 405 2206 absolute
422 2157 658 2224 capitationibus
674 2159 797 2224 conjungit
845 2159 988 2225 supplicum.
1022 2159 1085 2209 Cum
1103 2175 1156 2224 eqq.
1174 2159 1257 2207 confer
1274 2159 1348 2209 Sene

296 2245 352 2281 eum
363 2247 416 2296 aqq.
448 2233 549 2282 Lenaius
560 2236 671 2282 montibus
682 2233 795 2299 explicat,
845 2249 899 2282 cam
912 2235 983 2282 Herc.
995 2234 1045 2284 OEt.
1056 2233 1103 2282 alr
1115 2249 1169 2298 sqq.
1179 2233 1221 2298 qui
1233 2248 1281 2282 nou
1292 2232 1350 2285 aaliz

295 2305 322 2355 iu
332 2305 462 2356 montibus.
489 2307 566 2356 Nobis
577 2309 670 2357 Heineii
682 2308 795 2358 emenda·
845 2306 947 2357 feliciter
956 2309 1069 2357 Nostrum
1075 2306 1200 2371 expressit.
1211 2305 1293 2355 Etiam
1299 2306 1349 2373 115·

295 2377 329 2428 tio
342 2378 422 2445 placet
433 2397 480 2446 pra
491 2380 529 2430 bis
544 2380 795 2447 interpretationibus3
843 2381 922 2446 ginus,
934 2382 1028 2431 sabati.
1037 2390 1136 2429 rotatum
1147 2383 1172 2428 in
1183 2382 1349 2442 morejecule·

296 2466 353 2502 uam
364 2468 413 2502 ver.
423 2454 479 2503 20⁷.
486 2454 537 2519 jam
552 2453 648 2503 induxit
658 2471 712 2503 eum
724 2463 794 2520 poeta
844 2465 930 2505 turert.
947 2454 1008 2504 Inde
1018 2456 1104 2503 fretum
1115 2453 1175 2503 illud
1188 2455 1219 2502 ab
1232 2453 1348 2518 AEscbylo

287 2527 436 2593 frenentem,
459 2528 484 2577 id
506 2536 551 2585 est,
570 2529 720 2584 irascentem,
740 2544 793 2577 mor
844 2528 936 2578 dictum
955 2528 1050 2594 meaos
1068 2527 1157 2577 ἀθλίου
1173 2527 1250 2592 Λίχα.
1275 2526 1348 2593 Apud

293 2611 431 2653 dementem
444 2606 527 2654 noba.
561 2603 633 2653 Nunc
646 2619 702 2653 rero
715 2619 795 2651 rursus
845 2604 996 2670 Sophoclem,
1007 2604 1064 2652 79³.
1076 2602 1161 2651 liobae
1178 2611 1253 2669 petre
1270 2600 1351 2651 allidi-

293 2674 373 2744 simpl.
380 2681 512 2728 irascentem
520 2677 650 2743 subjecisse
657 2677 795 2727 credamusl
844 2686 891 2728 tur.
915 2677 971 2726 Non
982 2677 1067 2726 mirum
1078 2685 1123 2731 est,
1134 2675 1250 2724 Nostrum
1260 2683 1349 2742 praetu-

293 2750 456 2802 Imorterrrem
464 2755 702 2802 remetimur-sane
713 2752 794 2799 monti·
844 2749 1150 2800 lirsetranelorrnationem.
1179 2749 1349 2801 Euboieaeue·

292 2826 403 2877 tuebere
414 2827 567 2876 conveniunt.
580 2827 648 2882 Calo,
657 2826 687 2874 ad
697 2825 795 2875 coelum.
844 2828 901 2883 der5
918 2840 983 2874 mare
998 2824 1143 2873 Euboicum:
1162 2838 1219 2871 aaut
1231 2823 1347 2872 Ceneurn

325 2903 383 2951 211.
405 2901 473 2964 Rupe
492 2911 573 2951 coorta
583 2919 591 2959 ;
615 2899 739 2965 Gebhard.
761 2916 790 2948 ex
843 2899 1035 2965 promontorium,
1047 2897 1088 2946 ubi
1099 2895 1217 2945 Herculea
1228 2896 1348 2946 sacrifiea·

293 2973 414 3030 Palatirm,
426 2977 522 3032 omaro,
537 2984 564 3023 ut
581 2972 706 3022 imminens
723 2973 792 3022 intel·
843 2981 910 3022 turus
919 2981 984 3038 peste
996 2981 1117 3037 correptus
1127 2978 1171 3026 est,
1179 2970 1290 3020 imminet
1300 2971 1347 3019 Eu·

292 3045 388 3112 ligatur.
422 3047 516 3096 Robiem
531 3049 672 3111 eollegerat,·
697 3047 792 3102 lecerat,
841 3047 910 3096 boico
918 3047 986 3095 mari.
998 3046 1117 3093 Tormento
1120 3046 1230 3110 fortiue;
1243 3043 1346 3094 validius

293 3127 322 3170 ut
332 3122 413 3178 robur,
423 3136 529 3169 summus
541 3119 625 3168 furoris
637 3118 731 3184 gradus,
743 3135 793 3168 orn·
843 3136 916 3186 quam
927 3120 1040 3169 machina
1050 3120 1146 3168 bellica.

292 3194 330 3244 nie
349 3203 490 3260 erumperet.
524 3195 639 3258 Colligere
657 3196 741 3241 rabiem
757 3203 793 3242 est
875 3197 932 3244 219.
950 3196 1054 3243 Pendere
1070 3194 1163 3260 proprie
1178 3191 1293 3241 dicuutur
1306 3191 1347 3258 qui

292 3267 373 3325 etiam,
390 3267 408 3317 i.
425 3269 489 3326 284,-
514 3270 632 3317 collectam
654 3269 739 3323 odium,
759 3266 793 3315 iii.
843 3266 1346 3330 tamleuitervolant,utalanonmagno·

294 3342 358 3401 aea,
375 3343 481 3406 colligere
497 3343 567 3397 sitim,
582 3339 615 3389 vi.
626 3341 684 3389 ³41.
719 3340 792 3398 Tune,
843 3358 899 3408 pere
912 3340 1277 3403 moveantur3rideadii.708.
1298 3340 1345 3389 Sed

293 3414 406 3480 quieset
417 3415 519 3465 famulus
529 3431 597 3464 meua
610 3424 634 3464 et
646 3414 725 3463 servili
737 3431 792 3464 con·
843 3416 1056 3466 hoclocoomuino
1066 3416 1155 3464 volare.
1181 3417 1344 3462 Aeriaraum

291 3488 380 3539 ditione
401 3488 480 3537 borno.
518 3488 624 3552 Ideoque
644 3487 730 3554 repetit
746 3489 792 3538 boe
843 3489 953 3540 dixerunt
980 3492 1052 3539 etiam
1082 3488 1215 3543 Lucretius,
1237 3504 1261 3537 r.
1281 3490 1345 3547 502;

292 3562 444 3612 vocabulum.
478 3562 587 3618 Ferolio,·
605 3562 791 3627 Ciolanussuri·
843 3564 930 3629 virgil.
941 3565 1000 3612 AEn.
1010 3581 1034 3612 v.
1044 3564 1102 3613 520.
1111 3574 1136 3611 et
1147 3563 1246 3618 Noster,
1256 3577 1281 3610 x.
1290 3562 1344 3611 178.

293 3637 341 3684 elie
348 3654 357 3694 ,-
374 3635 408 3684 ric
418 3635 481 3684 enim
492 3635 585 3692 Cicero,
594 3635 691 3684 Tuscul.
702 3635 729 3683 ii.
742 3652 792 3684 ver·
842 3638 882 3686 ubi
894 3638 948 3687 ride
959 3645 1049 3685 notam.

292 3710 330 3767 tit,
341 3709 453 3774 ὑφαντὸν
463 3709 654 3776 ἀμφίβληστρον
665 3709 685 3775 ql
696 3708 792 3759 totrto-
874 3713 930 3760 220.
951 3711 1026 3774 thue
1028 3710 1117 3775 seretur
1123 3710 1212 3764 imbres,
1219 3706 1284 3770 ete]
1304 3707 1344 3756 In·

291 3799 339 3850 μαε
358 3783 410 3832 bac
422 3799 461 3832 me
472 3783 573 3832 irretivit
585 3793 650 3832 veste
664 3784 741 3832 furiali
755 3784 791 3832 in·
842 3794 899 3850 epta
910 3783 1048 3839 similitudo,
1060 3797 1197 3848 quanquam
1211 3780 1285 3830 etiam
1296 3780 1343 3829 Lu·

291 3856 376 3907 scium.
411 3856 495 3905 Taliett'
501 3876 510 3916 ,·
528 3857 600 3906 nostri
611 3857 690 3922 Regii,
702 3860 792 3908 dedisti.
841 3858 1068 3922 cret.vi.498eqq.
1081 3857 1158 3905 nubes
1174 3869 1230 3904 cum
1248 3870 1342 3920 corpore

291 3931 323 3982 In
334 3931 412 3990 Ibide,
423 3933 482 3981 493.
495 3933 541 3988 Qui
555 3934 616 3981 dono
632 3935 688 3981 tulit
700 3931 792 3982 Lenaeo
841 3940 867 3983 et
886 3948 962 3998 aquas
981 3933 1007 3981 in
1027 3930 1132 3980 nubibus
1152 3945 1207 3979 cum
1227 3929 1342 3993 sangnine

288 4010 469 4057 ttaetooerteno.
840 4015 971 4072 comparat.
1006 4005 1078 4053 Molle
1088 4002 1237 4053 referendum
1249 4002 1281 4050 ad
1291 4020 1340 4051 cor·

324 4081 383 4130 216.
402 4081 504 4132 (lenibus
519 4097 601 4130 morus
619 4083 732 4139 adbibere,
749 4097 790 4144 ge·
839 4099 898 4147 prm
916 4081 980 4131 Plin.
1000 4081 1033 4128 H.
1050 4080 1084 4130 N.
1100 4078 1128 4128 ii.
1139 4079 1180 4128 60.
1196 4079 1340 4127 Gratidium

291 4171 340 4209 uua
356 4155 477 4222 amplecti.
500 4154 627 4207 Claudiae.
637 4156 669 4205 R.
680 4156 712 4205 Ρ.
722 4156 740 4206 i.
750 4157 790 4206 ⁶0.
840 4157 1059 4222 coquentem
1066 4156 1144 4223 gigni,
1151 4162 1174 4202 et
1184 4156 1340 4204 triremem
