2774 5004
165 323 231 390 288
465 320 504 387 P.
529 319 689 387 OVIDII
714 319 927 386 NASONIS

165 496 312 570 Funera
323 519 417 591 quos
429 507 621 583 maneant3
636 496 696 569 hic
706 496 804 569 votis
815 517 953 567 numen
964 493 1110 578 adorat,
1120 493 1210 588 [lens

166 612 405 708 Brachioque
429 612 477 685 ad
499 612 648 698 coelum,
669 612 771 707 qnod
792 634 867 683 non
886 610 1000 693 videt,
1021 608 1126 682 irrita
1146 609 1208 682 tol·

164 728 296 802 Poscit
312 750 444 826 opem;
475 729 639 800 subeunt
656 729 708 800 illi
727 727 938 822 fratresque
956 748 1191 822 parensque;

163 832 266 916 Huic
283 867 370 917 curn
384 842 603 939 pignoribus
620 843 767 928 domus,
785 853 824 914 et
838 841 940 938 quod
954 840 1095 936 cuique
1110 840 1207 913 relic·

165 957 362 1057 Halcyone
381 957 513 1056 Ceyca
530 969 675 1045 movet;
706 956 847 1055 Ceycis
865 955 903 1027 in
921 979 985 1029 ore
1026 958 1126 1051 [tum
1143 966 1205 1028 est.

165 1073 282 1147 Nulla
295 1074 367 1147 nisi
383 1072 579 1170 Halcyone
597 1085 673 1147 est:
690 1084 741 1159 et,
754 1096 871 1169 quum
885 1071 1080 1145 desideret
1089 1094 1205 1156 unarn,

165 1188 319 1262 Gaudet
330 1190 464 1262 abesse
475 1199 618 1262 tamen:
635 1188 764 1286 patriae
776 1210 930 1284 quoque
941 1188 1059 1261 vellet
1071 1186 1120 1259 ad
1131 1209 1204 1259 oras

165 1304 385 1402 Respicere,
399 1304 514 1399 inque
529 1304 682 1376 domurn
697 1326 892 1401 supremos
905 1313 1053 1376 vertere
1068 1302 1202 1375 vultus:

166 1420 308 1493 Verum
325 1421 389 1493 ubi
408 1420 457 1492 sit
475 1420 615 1507 nescit;
645 1431 751 1493 tanta
766 1418 948 1513 vertigine
967 1428 1110 1515 pontus
1140 1420 1203 1489 548

167 1534 322 1622 Fervet3
353 1547 393 1609 ct
410 1535 567 1609 inducta
583 1535 700 1632 piceis
719 1558 738 1607 e
758 1533 921 1606 nubibus
940 1534 1076 1606 umbra

166 1651 290 1724 Omne
303 1652 397 1724 latet
410 1652 559 1736 ciclum,
575 1652 845 1749 duplicataque
859 1649 981 1722 noctis
996 1648 1122 1745 imago
1133 1647 1201 1722 est!

166 1767 362 1863 Frangitur
379 1767 530 1839 incursu
548 1767 709 1840 nimbosi
728 1765 889 1840 turbinis
908 1766 1041 1852 arbos3
1090 1767 1202 1860 [stans

165 1880 364 1978 Frangitur
382 1893 422 1956 et
441 1881 628 1978 regimem
659 1883 866 1982 spoliisque
890 1882 1063 1957 animosa
1080 1903 1199 1978 super·

166 2160 252 2211 magno
269 2159 364 2211 pavore,
382 2147 538 2210 praesentique
558 2157 661 2196 conster-
713 2146 804 2195 dixerat
819 2162 866 2195 rer.
882 2147 938 2194 520.
952 2155 1016 2193 curet
1029 2148 1122 2211 ignibus
1135 2147 1203 2199 etna,

166 2221 261 2270 natione
281 2220 371 2268 nullum
391 2221 490 2268 hminis
507 2221 584 2269 locum
604 2238 662 2278 esse,
713 2231 758 2270 etc.
779 2222 950 2285 Noctisimngo,
962 2234 1018 2268 nox.

167 2310 196 2343 ne
207 2295 232 2341 in
246 2294 326 2359 puella
339 2292 437 2357 quidem
450 2293 549 2350 infante,
559 2295 601 2342 sed
613 2306 661 2343 stu·
745 2296 802 2343 552.
820 2293 1020 2356 spoliis-unda]
1057 2293 1138 2350 Unda,
1157 2310 1204 2358 qun

167 2384 248 2433 porem
266 2377 291 2416 ct
310 2382 429 2431 pavorem.
462 2369 543 2428 Bene3
563 2369 605 2416 sed
623 2368 663 2416 ubi
713 2370 802 2416 malurn
824 2378 848 2416 et
870 2367 974 2432 regimen
995 2367 1109 2432 fregerat,
1131 2371 1206 2430 spoliis.

166 2441 260 2490 snmus
269 2456 283 2489 e
293 2440 368 2506 prima
379 2440 566 2490 consternatione
577 2457 602 2490 se
614 2442 662 2489 col·
714 2442 784 2489 armis
801 2442 852 2490 istis
872 2440 994 2498 detractis,
1011 2444 1122 2498 animosa,
1142 2442 1206 2506 (alibi

166 2513 228 2578 ligit,
249 2515 331 2579 utique
353 2522 484 2577 sequuntur
504 2514 617 2571 lacrima,
637 2525 664 2563 ut
713 2519 821 2576 superbus
831 2516 861 2564 de
874 2515 975 2575 victore)
989 2515 1054 2563 elata
1067 2524 1127 2572 erat,
1142 2526 1172 2571 et,
1185 2525 1208 2564 ut

121 2584 125 2589 ⁴
167 2605 216 2638 uer.
225 2590 289 2649 4185
301 2588 398 2637 Heroid.
411 2606 434 2635 x.
442 2589 490 2647 433
503 2589 607 2653 Propert.
616 2591 664 2638 111.
714 2589 814 2638 victores
825 2589 908 2639 occisis
922 2589 1035 2645 hostibus,
1046 2599 1090 2638 ant
1103 2591 1157 2639 ieras
1171 2590 1208 2639 de·

168 2680 193 2713 v.
204 2664 236 2722 95
253 2664 320 2713 Curt.
337 2662 369 2710 ix.
380 2664 406 2709 2.
443 2663 510 2710 Vocat
528 2665 568 2711 ille
584 2667 664 2720 beatos,
711 2666 781 2729 jecta²
800 2667 885 2730 praedas
904 2676 1032 2727 superatura
1045 2666 1166 2722 dicuntur,
1177 2667 1207 2715 sic

167 2748 215 2786 etc.
226 2745 252 2786 ut
269 2737 374 2800 Ulysses,
387 2736 436 2784 Od.
450 2742 478 2784 Ε.
489 2740 553 2796 299;
575 2741 665 2788 AEneas
715 2737 756 2786 illa
765 2751 893 2801 superstans
901 2738 969 2787 victe
978 2739 1080 2794 navi.ex
1089 2740 1208 2788 altitudine

169 2811 235 2874 Virg.
252 2811 269 2859 i.
285 2813 317 2858 93
335 2827 394 2873 sqq;
414 2818 438 2858 et
457 2811 558 2860 Ovidius
575 2813 625 2876 ipse
642 2816 663 2861 1.
714 2813 1208 2874 suadespicitundcssinuntcs‚flexas,cur·

165 2884 236 2932 'l'rist
253 2885 396 2933 insa-so.
440 2885 532 2932 Funera
549 2904 601 2948 quos
617 2905 663 2934 rna·
715 2895 782 2933 vatus
798 2886 860 2934 circa
876 2902 970 2934 navem.
1004 2885 1091 2934 Fluere
1105 2886 1209 2934 haecnon

168 2968 247 3014 neam,
259 2957 300 3021 qui
314 2958 338 3004 in
349 2967 411 3005 terra
423 2959 558 3015 moriantur,
570 2960 609 3008 ubi
621 2962 664 3009 rite
714 2957 1210 3022 potueruntnisiexingenioloecundissirno.

166 3032 258 3098 sepeliri
268 3032 365 3096 possint,
374 3048 447 3095 quum
460 3034 566 3097 naufragi
578 3043 619 3082 ant
628 3036 662 3083 in·
714 3033 771 3079 Mox
793 3034 944 3080 Burmannus
961 3032 1029 3079 malit
1046 3036 1144 3094 despicit
1156 3036 1209 3089 alas,

168 3105 260 3155 humati
272 3105 297 3153 in
310 3106 376 3153 litora
384 3104 490 3167 jaceant,
502 3116 544 3154 ant
559 3107 663 3171 piscibus
714 3115 740 3154 ut
756 3106 786 3154 de
804 3108 912 3155 antennis
923 3107 973 3170 jann
991 3106 1014 3152 vi
1031 3106 1097 3154 venti
1112 3106 1211 3155 curuatis

167 3197 222 3229 esca
232 3189 322 3236 natent,
334 3196 387 3244 quas
399 3179 529 3229 tristissima
543 3198 591 3229 sors
602 3183 662 3229 anti·
714 3190 779 3242 ngat,
792 3198 861 3244 super
872 3197 931 3244 quas
943 3179 1007 3227 unda
1018 3181 1142 3242 surgebat.
1165 3180 1209 3227 ll'ee

169 3254 223 3318 quis
241 3255 290 3302 visa
298 3273 305 3313 3
322 3254 375 3303 vide
393 3255 414 3302 1.
424 3253 495 3302 Trist
506 3255 529 3302 d.
541 3256 574 3303 l.·.
586 3256 664 3319 frisius
715 3255 793 3311 leru'us,
812 3266 863 3313 etc.
898 3257 952 3302 Non
983 3254 1073 3301 minore
1102 3255 1209 3320 pondere,

168 3344 231 3376 nunc
250 3329 365 3391 exequias,
388 3344 474 3393 pompa
495 3330 616 3384 funeralis,
639 3341 665 3378 ut
712 3332 854 3390 praecipitata
872 3331 929 3382 ruit,
947 3328 1080 3391 praecipitat
1096 3344 1132 3384 se,
1147 3346 1209 3391 pun

169 3402 190 3448 1.
200 3401 271 3449 'frist
281 3400 315 3448 iii.
325 3403 365 3448 89.
399 3402 452 3449 Cic.
465 3405 506 3449 Or.
518 3403 543 3451 ii.
554 3406 593 3451 55.
621 3405 664 3451 Su·
714 3404 799 3463 siquis
818 3404 902 3457 Athon,
921 3412 969 3449 etc.
992 3417 1045 3466 qnae
1067 3402 1210 3466 comparatio

169 3473 420 3529 seusininmemon'am
429 3474 535 3522 redeunt.
554 3477 664 3539 Pignora,
715 3474 770 3523 inde
781 3476 857 3532 fluxit,
869 3476 927 3540 quia
936 3477 1022 3524 lluctus
1038 3476 1137 3524 maximi
1152 3494 1209 3524 mon·

172 3548 247 3596 liberi.
716 3558 747 3597 tes
757 3568 868 3612 apennini
877 3550 924 3599 dici
935 3550 1009 3598 solent
1021 3567 1027 3608 ;
1042 3550 1092 3597 vid.
1102 3551 1208 3598 Heinsius

203 3624 260 3668 544.
280 3620 397 3681 Halcyone
410 3621 492 3681 Ceyca,
503 3620 561 3681 etc]
579 3622 665 3669 Confer
715 3622 745 3669 ad
768 3639 814 3671 vor.
835 3626 893 3672 538.
929 3623 1057 3672 Ridiculus
1074 3633 1113 3672 est
1129 3626 1209 3673 Jac.a

171 3695 276 3759 Propert.
296 3693 331 3739 iii.
353 3696 377 3740 5.
398 3693 438 3740 ubi
463 3692 546 3740 similis
567 3694 665 3744 affectus
716 3695 801 3750 Cruce,
823 3698 862 3761 qui
887 3697 961 3745 alludi
983 3697 1021 3744 bic
1040 3698 1161 3745 existimat
1181 3696 1208 3745 ad

169 3768 239 3823 Paeti,
253 3766 360 3831 deprensi
372 3767 395 3814 in
408 3769 502 3830 AEgaeo,
515 3767 664 3817 describitur.
715 3769 818 3818 facinora
835 3771 919 3819 listris
936 3780 960 3818 ct
976 3770 1096 3826 Herculis,
1115 3786 1208 3834 quorum

171 3844 207 3890 lbi
223 3840 399 3890 Hrouckhusius
413 3841 460 3889 alia
475 3841 527 3889 loca
544 3859 662 3909 compara·
714 3841 754 3890 ille
770 3844 850 3892 Athon
863 3862 879 3892 a
892 3843 1026 3892 continente
1045 3844 1157 3900 abscidit,
1173 3843 1207 3890 bic

171 3917 212 3965 uit.
246 3917 363 3965 Caeterum
375 3915 413 3963 hic
426 3933 519 3980 quoque
531 3916 665 3980 ingeniosus
713 3916 859 3966 Thessaliam
869 3928 1018 3982 stagnantem
1028 3918 1129 3982 apernit.
1163 3918 1206 3964 lm-

170 4009 220 4040 esse
241 3990 344 4039 Ovidius
364 3989 446 4044 voluit,
466 4007 535 4052 prium
555 3995 663 4040 desideret
715 4005 753 4037 nio
764 3994 839 4040 Atiam
854 4005 878 4040 et
892 3995 992 4040 Pindum
1008 3994 1086 4055 posuit
1094 4009 1136 4057 pro
1146 4008 1207 4040 inon-

172 4085 248 4121 riuum,
260 4065 351 4113 Gaudet
362 4066 434 4112 abesse
444 4073 527 4112 tamen.
715 4064 776 4113 tibus
787 4067 967 4130 quibuscunque
979 4066 1109 4113 altissimis.

202 4142 261 4191 550.
280 4142 350 4187 Omne
362 4142 415 4187 lutat
426 4140 526 4201 cultim]
539 4139 604 4187 ldeur
614 4142 663 4203 jam
