<?xml version="1.0" encoding="UTF-8"?>
<!DOCTYPE html PUBLIC "-//W3C//DTD XHTML 1.0 Transitional//EN"
    "http://www.w3.org/TR/xhtml1/DTD/xhtml1-transitional.dtd">
<html xmlns="http://www.w3.org/1999/xhtml" xml:lang="en" lang="en">
 <head>
  <title>
</title>
<meta http-equiv="Content-Type" content="text/html;charset=utf-8" />
  <meta name='ocr-system' content='tesseract 3.04.00' />
  <meta name='ocr-capabilities' content='ocr_page ocr_carea ocr_par ocr_line ocrx_word'/>
</head>
<body>
  <div class='ocr_page' id='page_1' title='image "./povidiinasoniso05burmgoog_0454.png"; bbox 0 0 2774 5004; ppageno 0'>
   <div class='ocr_carea' id='block_1_1' title="bbox 352 332 1225 400">
    <p class='ocr_par' dir='ltr' id='par_1_1' title="bbox 352 332 1225 400">
     <span class='ocr_line' id='line_1_1' title="bbox 352 332 1225 400; baseline 0.003 -4"><span class='ocrx_word' id='word_1_1' title='bbox 352 332 825 400; x_wconf 84' lang='lat' dir='ltr'><strong>METAMORPHOSEON</strong></span> <span class='ocrx_word' id='word_1_2' title='bbox 849 332 941 399; x_wconf 89' lang='lat' dir='ltr'><strong>LlB.</strong></span> <span class='ocrx_word' id='word_1_3' title='bbox 965 333 1048 398; x_wconf 89' lang='lat' dir='ltr'><strong>XV.</strong></span> <span class='ocrx_word' id='word_1_4' title='bbox 1158 334 1225 399; x_wconf 87' lang='grc'><strong>449</strong></span> 
     </span>
    </p>
   </div>
   <div class='ocr_carea' id='block_1_2' title="bbox 167 503 1221 2453">
    <p class='ocr_par' dir='ltr' id='par_1_2' title="bbox 173 503 1057 605">
     <span class='ocr_line' id='line_1_2' title="bbox 173 503 1057 605; baseline 0.005 -29"><span class='ocrx_word' id='word_1_5' title='bbox 173 503 541 604; x_wconf 74' lang='lat' dir='ltr'><strong>Undarum-sparsas</strong></span> <span class='ocrx_word' id='word_1_6' title='bbox 561 505 840 605; x_wconf 85' lang='lat' dir='ltr'><strong>Symplegadas</strong></span> <span class='ocrx_word' id='word_1_7' title='bbox 858 506 1057 594; x_wconf 81' lang='lat' dir='ltr'><strong>elisarum3</strong></span> 
     </span>
    </p>

    <p class='ocr_par' dir='ltr' id='par_1_3' title="bbox 168 618 1221 1298">
     <span class='ocr_line' id='line_1_3' title="bbox 172 618 1194 721; baseline 0.002 -28"><span class='ocrx_word' id='word_1_8' title='bbox 172 618 270 704; x_wconf 83' lang='lat' dir='ltr'><strong>Quae</strong></span> <span class='ocrx_word' id='word_1_9' title='bbox 288 646 388 696; x_wconf 92' lang='lat' dir='ltr'><strong>nunc</strong></span> <span class='ocrx_word' id='word_1_10' title='bbox 407 622 569 697; x_wconf 85' lang='lat' dir='ltr'><strong>immotoe</strong></span> <span class='ocrx_word' id='word_1_11' title='bbox 588 634 770 721; x_wconf 90' lang='lat' dir='ltr'><strong>perstant,</strong></span> <span class='ocrx_word' id='word_1_12' title='bbox 785 622 985 720; x_wconf 88' lang='lat' dir='ltr'><strong>ventisque</strong></span> <span class='ocrx_word' id='word_1_13' title='bbox 1002 623 1194 698; x_wconf 89' lang='lat' dir='ltr'><strong>resistunt.</strong></span> 
     </span>
     <span class='ocr_line' id='line_1_4' title="bbox 170 734 1221 833; baseline 0.002 -25"><span class='ocrx_word' id='word_1_14' title='bbox 170 734 270 822; x_wconf 93' lang='lat' dir='ltr'><strong>Nec,</strong></span> <span class='ocrx_word' id='word_1_15' title='bbox 290 760 376 833; x_wconf 84' lang='lat' dir='ltr'><strong>quae</strong></span> <span class='ocrx_word' id='word_1_16' title='bbox 394 738 568 812; x_wconf 79' lang='lat' dir='ltr'>sulfureis</span> <span class='ocrx_word' id='word_1_17' title='bbox 587 740 694 814; x_wconf 91' lang='lat' dir='ltr'><strong>ardet</strong></span> <span class='ocrx_word' id='word_1_18' title='bbox 712 739 937 826; x_wconf 65' lang='lat' dir='ltr'><strong>fornacibus</strong></span> <span class='ocrx_word' id='word_1_19' title='bbox 958 739 1070 813; x_wconf 88' lang='lat' dir='ltr'><strong>AEtne</strong></span> <span class='ocrx_word' id='word_1_20' title='bbox 1147 742 1221 811; x_wconf 88' lang='grc'><strong>340</strong></span> 
     </span>
     <span class='ocr_line' id='line_1_5' title="bbox 171 848 1220 952; baseline 0.005 -30"><span class='ocrx_word' id='word_1_21' title='bbox 171 848 294 946; x_wconf 85' lang='lat' dir='ltr'><strong>Ignea</strong></span> <span class='ocrx_word' id='word_1_22' title='bbox 309 875 459 950; x_wconf 83' lang='lat' dir='ltr'><strong>semper</strong></span> <span class='ocrx_word' id='word_1_23' title='bbox 476 854 567 927; x_wconf 92' lang='lat' dir='ltr'><strong>erit:</strong></span> <span class='ocrx_word' id='word_1_24' title='bbox 589 878 714 951; x_wconf 93' lang='lat' dir='ltr'><strong>neque</strong></span> <span class='ocrx_word' id='word_1_25' title='bbox 732 856 832 929; x_wconf 90' lang='lat' dir='ltr'><strong>enim</strong></span> <span class='ocrx_word' id='word_1_26' title='bbox 851 854 922 928; x_wconf 87' lang='lat' dir='ltr'><strong>fuit</strong></span> <span class='ocrx_word' id='word_1_27' title='bbox 934 855 1045 952; x_wconf 85' lang='lat' dir='ltr'><strong>ignea</strong></span> <span class='ocrx_word' id='word_1_28' title='bbox 1058 878 1220 952; x_wconf 83' lang='lat' dir='ltr'><strong>semper.</strong></span> 
     </span>
     <span class='ocr_line' id='line_1_6' title="bbox 170 964 1128 1067; baseline 0.005 -29"><span class='ocrx_word' id='word_1_29' title='bbox 170 964 209 1038; x_wconf 94' lang='lat' dir='ltr'>N</span> <span class='ocrx_word' id='word_1_30' title='bbox 213 990 274 1040; x_wconf 87' lang='lat' dir='ltr'><strong>am</strong></span> <span class='ocrx_word' id='word_1_31' title='bbox 292 966 371 1040; x_wconf 88' lang='lat' dir='ltr'><strong>sive</strong></span> <span class='ocrx_word' id='word_1_32' title='bbox 389 979 448 1040; x_wconf 90' lang='lat' dir='ltr'><strong>est</strong></span> <span class='ocrx_word' id='word_1_33' title='bbox 462 968 599 1043; x_wconf 91' lang='lat' dir='ltr'><strong>animal</strong></span> <span class='ocrx_word' id='word_1_34' title='bbox 617 971 742 1056; x_wconf 93' lang='lat' dir='ltr'><strong>tellus,</strong></span> <span class='ocrx_word' id='word_1_35' title='bbox 761 982 801 1044; x_wconf 89' lang='lat' dir='ltr'><strong>et</strong></span> <span class='ocrx_word' id='word_1_36' title='bbox 817 970 917 1058; x_wconf 90' lang='lat' dir='ltr'><strong>vivit,</strong></span> <span class='ocrx_word' id='word_1_37' title='bbox 938 971 1128 1067; x_wconf 85' lang='lat' dir='ltr'><strong>habetque</strong></span> 
     </span>
     <span class='ocr_line' id='line_1_7' title="bbox 171 1081 1139 1180; baseline 0.002 -26"><span class='ocrx_word' id='word_1_38' title='bbox 171 1081 424 1180; x_wconf 78' lang='lat' dir='ltr'><strong>spiramenta,</strong></span> <span class='ocrx_word' id='word_1_39' title='bbox 445 1085 537 1159; x_wconf 89' lang='lat' dir='ltr'><strong>locis</strong></span> <span class='ocrx_word' id='word_1_40' title='bbox 555 1085 744 1159; x_wconf 87' lang='lat' dir='ltr'><strong>flammam</strong></span> <span class='ocrx_word' id='word_1_41' title='bbox 763 1085 980 1160; x_wconf 84' lang='lat' dir='ltr'><strong>exhalantia</strong></span> <span class='ocrx_word' id='word_1_42' title='bbox 997 1084 1139 1168; x_wconf 86' lang='lat' dir='ltr'><strong>multis,</strong></span> 
     </span>
     <span class='ocr_line' id='line_1_8' title="bbox 168 1195 1066 1298; baseline 0.003 -30"><span class='ocrx_word' id='word_1_43' title='bbox 168 1195 346 1294; x_wconf 86' lang='lat' dir='ltr'><strong>Spirandi</strong></span> <span class='ocrx_word' id='word_1_44' title='bbox 366 1210 508 1274; x_wconf 91' lang='lat' dir='ltr'><strong>mutare</strong></span> <span class='ocrx_word' id='word_1_45' title='bbox 527 1201 618 1287; x_wconf 88' lang='lat' dir='ltr'><strong>vias,</strong></span> <span class='ocrx_word' id='word_1_46' title='bbox 639 1201 866 1298; x_wconf 87' lang='lat' dir='ltr'>quotiesque</span> <span class='ocrx_word' id='word_1_47' title='bbox 885 1211 1066 1288; x_wconf 88' lang='lat' dir='ltr'><strong>movetur,</strong></span> 
     </span>
    </p>

    <p class='ocr_par' dir='ltr' id='par_1_4' title="bbox 167 1311 1215 1878">
     <span class='ocr_line' id='line_1_9' title="bbox 167 1311 1215 1417; baseline 0.002 -32"><span class='ocrx_word' id='word_1_48' title='bbox 167 1311 251 1388; x_wconf 89' lang='lat' dir='ltr'><strong>Has</strong></span> <span class='ocrx_word' id='word_1_49' title='bbox 267 1314 375 1390; x_wconf 92' lang='lat' dir='ltr'><strong>finire</strong></span> <span class='ocrx_word' id='word_1_50' title='bbox 392 1327 531 1412; x_wconf 90' lang='lat' dir='ltr'><strong>potest,</strong></span> <span class='ocrx_word' id='word_1_51' title='bbox 551 1318 634 1391; x_wconf 89' lang='lat' dir='ltr'><strong>illas</strong></span> <span class='ocrx_word' id='word_1_52' title='bbox 653 1318 797 1417; x_wconf 90' lang='lat' dir='ltr'><strong>aperire</strong></span> <span class='ocrx_word' id='word_1_53' title='bbox 811 1341 1011 1392; x_wconf 88' lang='lat' dir='ltr'><strong>cavernas:</strong></span> <span class='ocrx_word' id='word_1_54' title='bbox 1142 1318 1215 1388; x_wconf 86' lang='grc'><strong>345</strong></span> 
     </span>
     <span class='ocr_line' id='line_1_10' title="bbox 169 1429 1047 1517; baseline 0.002 -14"><span class='ocrx_word' id='word_1_55' title='bbox 169 1429 260 1505; x_wconf 87' lang='lat' dir='ltr'><strong>Sive</strong></span> <span class='ocrx_word' id='word_1_56' title='bbox 278 1432 381 1505; x_wconf 86' lang='lat' dir='ltr'><strong>leves</strong></span> <span class='ocrx_word' id='word_1_57' title='bbox 399 1430 484 1504; x_wconf 88' lang='lat' dir='ltr'><strong>imis</strong></span> <span class='ocrx_word' id='word_1_58' title='bbox 501 1433 603 1506; x_wconf 90' lang='lat' dir='ltr'><strong>venti</strong></span> <span class='ocrx_word' id='word_1_59' title='bbox 621 1434 843 1507; x_wconf 89' lang='lat' dir='ltr'><strong>cohibentur</strong></span> <span class='ocrx_word' id='word_1_60' title='bbox 861 1435 899 1507; x_wconf 90' lang='lat' dir='ltr'><strong>in</strong></span> <span class='ocrx_word' id='word_1_61' title='bbox 917 1433 1047 1517; x_wconf 77' lang='lat' dir='ltr'><strong>antriS,</strong></span> 
     </span>
     <span class='ocr_line' id='line_1_11' title="bbox 170 1544 1208 1643; baseline 0 -26"><span class='ocrx_word' id='word_1_62' title='bbox 170 1544 351 1643; x_wconf 85' lang='lat' dir='ltr'><strong>Saxaque</strong></span> <span class='ocrx_word' id='word_1_63' title='bbox 368 1571 455 1620; x_wconf 90' lang='lat' dir='ltr'><strong>curn</strong></span> <span class='ocrx_word' id='word_1_64' title='bbox 473 1549 589 1635; x_wconf 88' lang='lat' dir='ltr'><strong>saxis,</strong></span> <span class='ocrx_word' id='word_1_65' title='bbox 609 1560 647 1623; x_wconf 93' lang='lat' dir='ltr'><strong>et</strong></span> <span class='ocrx_word' id='word_1_66' title='bbox 664 1549 868 1623; x_wconf 86' lang='lat' dir='ltr'><strong>habentem</strong></span> <span class='ocrx_word' id='word_1_67' title='bbox 885 1549 1030 1623; x_wconf 89' lang='lat' dir='ltr'><strong>semina</strong></span> <span class='ocrx_word' id='word_1_68' title='bbox 1046 1547 1208 1619; x_wconf 83' lang='lat' dir='ltr'><strong>flammae</strong></span> 
     </span>
     <span class='ocr_line' id='line_1_12' title="bbox 169 1660 1130 1762; baseline 0.003 -29"><span class='ocrx_word' id='word_1_69' title='bbox 169 1660 370 1736; x_wconf 88' lang='lat' dir='ltr'><strong>Materiam</strong></span> <span class='ocrx_word' id='word_1_70' title='bbox 385 1666 553 1760; x_wconf 90' lang='lat' dir='ltr'><strong>jactant:</strong></span> <span class='ocrx_word' id='word_1_71' title='bbox 582 1689 628 1739; x_wconf 87' lang='lat' dir='ltr'><strong>ea</strong></span> <span class='ocrx_word' id='word_1_72' title='bbox 644 1664 809 1762; x_wconf 85' lang='lat' dir='ltr'>concipit</span> <span class='ocrx_word' id='word_1_73' title='bbox 826 1665 964 1738; x_wconf 91' lang='lat' dir='ltr'><strong>ictibus</strong></span> <span class='ocrx_word' id='word_1_74' title='bbox 982 1664 1130 1760; x_wconf 85' lang='lat' dir='ltr'><strong>ignem:</strong></span> 
     </span>
     <span class='ocr_line' id='line_1_13' title="bbox 167 1776 1039 1878; baseline 0.006 -30"><span class='ocrx_word' id='word_1_75' title='bbox 167 1776 289 1850; x_wconf 85' lang='lat' dir='ltr'><strong>Antra</strong></span> <span class='ocrx_word' id='word_1_76' title='bbox 305 1778 566 1875; x_wconf 90' lang='lat' dir='ltr'><strong>relinquentur</strong></span> <span class='ocrx_word' id='word_1_77' title='bbox 585 1781 725 1855; x_wconf 89' lang='lat' dir='ltr'><strong>sedatis</strong></span> <span class='ocrx_word' id='word_1_78' title='bbox 743 1780 879 1878; x_wconf 87' lang='lat' dir='ltr'><strong>frigida</strong></span> <span class='ocrx_word' id='word_1_79' title='bbox 894 1781 1039 1867; x_wconf 87' lang='lat' dir='ltr'><strong>ventis;</strong></span> 
     </span>
    </p>

    <p class='ocr_par' dir='ltr' id='par_1_5' title="bbox 167 1889 1218 2453">
     <span class='ocr_line' id='line_1_14' title="bbox 169 1889 1217 1993; baseline 0.005 -31"><span class='ocrx_word' id='word_1_80' title='bbox 169 1889 258 1964; x_wconf 90' lang='lat' dir='ltr'><strong>Sive</strong></span> <span class='ocrx_word' id='word_1_81' title='bbox 275 1893 492 1968; x_wconf 84' lang='lat' dir='ltr'><strong>bitumineae</strong></span> <span class='ocrx_word' id='word_1_82' title='bbox 510 1895 661 1993; x_wconf 91' lang='lat' dir='ltr'><strong>rapiunt</strong></span> <span class='ocrx_word' id='word_1_83' title='bbox 678 1895 852 1969; x_wconf 91' lang='lat' dir='ltr'><strong>incendia</strong></span> <span class='ocrx_word' id='word_1_84' title='bbox 868 1896 978 1982; x_wconf 90' lang='lat' dir='ltr'><strong>vires,</strong></span> <span class='ocrx_word' id='word_1_85' title='bbox 1143 1898 1217 1968; x_wconf 90' lang='grc'><strong>350</strong></span> 
     </span>
     <span class='ocr_line' id='line_1_15' title="bbox 168 2005 1218 2108; baseline 0.004 -30"><span class='ocrx_word' id='word_1_86' title='bbox 168 2005 333 2081; x_wconf 91' lang='lat' dir='ltr'><strong>Luteave</strong></span> <span class='ocrx_word' id='word_1_87' title='bbox 352 2010 500 2107; x_wconf 84' lang='lat' dir='ltr'><strong>exiguis</strong></span> <span class='ocrx_word' id='word_1_88' title='bbox 519 2010 721 2084; x_wconf 90' lang='lat' dir='ltr'><strong>ardescunt</strong></span> <span class='ocrx_word' id='word_1_89' title='bbox 739 2011 881 2085; x_wconf 85' lang='lat' dir='ltr'><strong>sulfura</strong></span> <span class='ocrx_word' id='word_1_90' title='bbox 897 2011 1032 2085; x_wconf 85' lang='lat' dir='ltr'><strong>sumis:</strong></span> <span class='ocrx_word' id='word_1_91' title='bbox 1130 2014 1218 2108; x_wconf 86' lang='lat' dir='ltr'><strong>[mae</strong></span> 
     </span>
     <span class='ocr_line' id='line_1_16' title="bbox 168 2122 1216 2227; baseline 0.006 -32"><span class='ocrx_word' id='word_1_92' title='bbox 168 2122 319 2222; x_wconf 90' lang='lat' dir='ltr'><strong>Nempe</strong></span> <span class='ocrx_word' id='word_1_93' title='bbox 337 2126 401 2198; x_wconf 93' lang='lat' dir='ltr'><strong>ubi</strong></span> <span class='ocrx_word' id='word_1_94' title='bbox 417 2136 517 2199; x_wconf 85' lang='lat' dir='ltr'><strong>terra</strong></span> <span class='ocrx_word' id='word_1_95' title='bbox 534 2127 651 2214; x_wconf 90' lang='lat' dir='ltr'><strong>cibos,</strong></span> <span class='ocrx_word' id='word_1_96' title='bbox 667 2127 921 2227; x_wconf 88' lang='lat' dir='ltr'><strong>alimentaque</strong></span> <span class='ocrx_word' id='word_1_97' title='bbox 939 2129 1095 2227; x_wconf 83' lang='lat' dir='ltr'><strong>pinguia</strong></span> <span class='ocrx_word' id='word_1_98' title='bbox 1110 2129 1216 2202; x_wconf 89' lang='lat' dir='ltr'><strong>llam·</strong></span> 
     </span>
     <span class='ocr_line' id='line_1_17' title="bbox 167 2237 1185 2341; baseline 0.006 -31"><span class='ocrx_word' id='word_1_99' title='bbox 167 2237 256 2312; x_wconf 91' lang='lat' dir='ltr'><strong>Non</strong></span> <span class='ocrx_word' id='word_1_100' title='bbox 274 2240 392 2328; x_wconf 89' lang='lat' dir='ltr'><strong>dabit,</strong></span> <span class='ocrx_word' id='word_1_101' title='bbox 412 2242 622 2341; x_wconf 88' lang='lat' dir='ltr'><strong>absumptis</strong></span> <span class='ocrx_word' id='word_1_102' title='bbox 640 2268 708 2341; x_wconf 92' lang='lat' dir='ltr'><strong>per</strong></span> <span class='ocrx_word' id='word_1_103' title='bbox 726 2244 877 2340; x_wconf 84' lang='lat' dir='ltr'><strong>longum</strong></span> <span class='ocrx_word' id='word_1_104' title='bbox 894 2245 1034 2319; x_wconf 88' lang='lat' dir='ltr'><strong>viribus</strong></span> <span class='ocrx_word' id='word_1_105' title='bbox 1052 2268 1185 2328; x_wconf 90' lang='lat' dir='ltr'><strong>aevum,</strong></span> 
     </span>
     <span class='ocr_line' id='line_1_18' title="bbox 167 2354 1009 2453; baseline 0.002 -25"><span class='ocrx_word' id='word_1_106' title='bbox 167 2354 399 2453; x_wconf 89' lang='lat' dir='ltr'><strong>Naturaeque</strong></span> <span class='ocrx_word' id='word_1_107' title='bbox 418 2383 527 2431; x_wconf 93' lang='lat' dir='ltr'><strong>suum</strong></span> <span class='ocrx_word' id='word_1_108' title='bbox 546 2358 733 2433; x_wconf 90' lang='lat' dir='ltr'><strong>nutrimen</strong></span> <span class='ocrx_word' id='word_1_109' title='bbox 751 2359 872 2433; x_wconf 91' lang='lat' dir='ltr'><strong>deerit</strong></span> <span class='ocrx_word' id='word_1_110' title='bbox 890 2360 1009 2446; x_wconf 88' lang='lat' dir='ltr'><strong>edaci,</strong></span> 
     </span>
    </p>
   </div>
   <div class='ocr_carea' id='block_1_3' title="bbox 166 2471 1214 2688">
    <p class='ocr_par' dir='ltr' id='par_1_6' title="bbox 166 2471 1214 2688">
     <span class='ocr_line' id='line_1_19' title="bbox 167 2471 1167 2572; baseline 0.002 -29"><span class='ocrx_word' id='word_1_111' title='bbox 167 2471 256 2544; x_wconf 92' lang='lat' dir='ltr'><strong>Non</strong></span> <span class='ocrx_word' id='word_1_112' title='bbox 273 2472 369 2546; x_wconf 89' lang='lat' dir='ltr'><strong>feret</strong></span> <span class='ocrx_word' id='word_1_113' title='bbox 386 2474 449 2547; x_wconf 89' lang='lat' dir='ltr'><strong>illa</strong></span> <span class='ocrx_word' id='word_1_114' title='bbox 465 2474 615 2560; x_wconf 88' lang='lat' dir='ltr'><strong>famem,</strong></span> <span class='ocrx_word' id='word_1_115' title='bbox 635 2475 862 2572; x_wconf 89' lang='lat' dir='ltr'><strong>desertaque</strong></span> <span class='ocrx_word' id='word_1_116' title='bbox 880 2474 1030 2548; x_wconf 88' lang='lat' dir='ltr'><strong>deseret</strong></span> <span class='ocrx_word' id='word_1_117' title='bbox 1047 2475 1167 2569; x_wconf 85' lang='lat' dir='ltr'><strong>ignes.</strong></span> 
     </span>
     <span class='ocr_line' id='line_1_20' title="bbox 166 2585 1214 2688; baseline 0.001 -29"><span class='ocrx_word' id='word_1_118' title='bbox 166 2585 263 2660; x_wconf 90' lang='lat' dir='ltr'><strong>Esse</strong></span> <span class='ocrx_word' id='word_1_119' title='bbox 280 2588 377 2661; x_wconf 87' lang='lat' dir='ltr'><strong>viros</strong></span> <span class='ocrx_word' id='word_1_120' title='bbox 394 2589 494 2663; x_wconf 92' lang='lat' dir='ltr'><strong>fama</strong></span> <span class='ocrx_word' id='word_1_121' title='bbox 511 2602 570 2664; x_wconf 90' lang='lat' dir='ltr'><strong>est</strong></span> <span class='ocrx_word' id='word_1_122' title='bbox 587 2591 625 2663; x_wconf 94' lang='lat' dir='ltr'><strong>in</strong></span> <span class='ocrx_word' id='word_1_123' title='bbox 644 2589 891 2688; x_wconf 89' lang='lat' dir='ltr'><strong>Hyperborea</strong></span> <span class='ocrx_word' id='word_1_124' title='bbox 910 2589 1077 2674; x_wconf 90' lang='lat' dir='ltr'><strong>Pallene,</strong></span> <span class='ocrx_word' id='word_1_125' title='bbox 1140 2591 1214 2661; x_wconf 89' lang='grc'><strong>356</strong></span> 
     </span>
    </p>
   </div>
   <div class='ocr_carea' id='block_1_4' title="bbox 153 2757 1217 4285">
    <p class='ocr_par' dir='ltr' id='par_1_7' title="bbox 153 2757 1217 4227">
     <span class='ocr_line' id='line_1_21' title="bbox 199 2757 1216 2824; baseline 0 -17"><span class='ocrx_word' id='word_1_126' title='bbox 199 2757 347 2823; x_wconf 61' lang='lat' dir='ltr'><strong>attiguae,</strong></span> <span class='ocrx_word' id='word_1_127' title='bbox 359 2758 486 2824; x_wconf 82' lang='lat' dir='ltr'><strong>ignivoma.</strong></span> <span class='ocrx_word' id='word_1_128' title='bbox 502 2760 604 2816; x_wconf 77' lang='lat' dir='ltr'><strong>Animal,</strong></span> <span class='ocrx_word' id='word_1_129' title='bbox 616 2760 667 2811; x_wconf 90' lang='lat' dir='ltr'><strong>ani·</strong></span> <span class='ocrx_word' id='word_1_130' title='bbox 716 2759 889 2809; x_wconf 82' lang='lat' dir='ltr'><strong>exhalationem</strong></span> <span class='ocrx_word' id='word_1_131' title='bbox 907 2759 1049 2814; x_wconf 75' lang='lat' dir='ltr'><strong>scammis,</strong></span> <span class='ocrx_word' id='word_1_132' title='bbox 1063 2757 1118 2806; x_wconf 88' lang='lat' dir='ltr'><strong>lrinc</strong></span> <span class='ocrx_word' id='word_1_133' title='bbox 1134 2773 1216 2808; x_wconf 85' lang='lat' dir='ltr'><strong>caver-</strong></span> 
     </span>
     <span class='ocr_line' id='line_1_22' title="bbox 167 2832 1216 2897; baseline 0.001 -19"><span class='ocrx_word' id='word_1_134' title='bbox 167 2845 237 2879; x_wconf 80' lang='lat' dir='ltr'><strong>mans</strong></span> <span class='ocrx_word' id='word_1_135' title='bbox 257 2840 293 2880; x_wconf 86' lang='lat' dir='ltr'><strong>est</strong></span> <span class='ocrx_word' id='word_1_136' title='bbox 315 2841 376 2881; x_wconf 87' lang='lat' dir='ltr'><strong>terra</strong></span> <span class='ocrx_word' id='word_1_137' title='bbox 392 2848 406 2882; x_wconf 89' lang='lat' dir='ltr'><strong>e</strong></span> <span class='ocrx_word' id='word_1_138' title='bbox 423 2842 502 2882; x_wconf 87' lang='lat' dir='ltr'><strong>mente</strong></span> <span class='ocrx_word' id='word_1_139' title='bbox 518 2833 664 2883; x_wconf 81' lang='lat' dir='ltr'><strong>Stoicorum:</strong></span> <span class='ocrx_word' id='word_1_140' title='bbox 717 2848 759 2881; x_wconf 85' lang='lat' dir='ltr'><strong>nas</strong></span> <span class='ocrx_word' id='word_1_141' title='bbox 785 2832 857 2897; x_wconf 87' lang='lat' dir='ltr'><strong>ipsas.</strong></span> <span class='ocrx_word' id='word_1_142' title='bbox 903 2833 977 2887; x_wconf 78' lang='lat' dir='ltr'><strong>Intra.</strong></span> <span class='ocrx_word' id='word_1_143' title='bbox 998 2847 1048 2880; x_wconf 81' lang='lat' dir='ltr'><strong>rer.</strong></span> <span class='ocrx_word' id='word_1_144' title='bbox 1070 2832 1126 2880; x_wconf 87' lang='grc'><strong>646.</strong></span> <span class='ocrx_word' id='word_1_145' title='bbox 1148 2846 1216 2896; x_wconf 77' lang='lat' dir='ltr'><strong>eque</strong></span> 
     </span>
     <span class='ocr_line' id='line_1_23' title="bbox 166 2906 989 2973; baseline 0.001 -21"><span class='ocrx_word' id='word_1_146' title='bbox 166 2907 255 2953; x_wconf 72' lang='lat' dir='ltr'><strong>estimat</strong></span> <span class='ocrx_word' id='word_1_147' title='bbox 276 2906 360 2955; x_wconf 80' lang='lat' dir='ltr'><strong>Tellus.</strong></span> <span class='ocrx_word' id='word_1_148' title='bbox 394 2907 446 2956; x_wconf 88' lang='lat' dir='ltr'><strong>Hoc</strong></span> <span class='ocrx_word' id='word_1_149' title='bbox 467 2906 558 2973; x_wconf 82' lang='lat' dir='ltr'><strong>placuit</strong></span> <span class='ocrx_word' id='word_1_150' title='bbox 576 2907 666 2972; x_wconf 84' lang='lat' dir='ltr'><strong>Pytha·</strong></span> <span class='ocrx_word' id='word_1_151' title='bbox 716 2906 989 2971; x_wconf 68' lang='lat' dir='ltr'><strong>dummsunerefinire.</strong></span> 
     </span>
     <span class='ocr_line' id='line_1_24' title="bbox 165 2979 1214 3045; baseline 0.001 -18"><span class='ocrx_word' id='word_1_152' title='bbox 165 2994 245 3042; x_wconf 56' lang='lat' dir='ltr'><strong>goram</strong></span> <span class='ocrx_word' id='word_1_153' title='bbox 262 2979 358 3028; x_wconf 80' lang='lat' dir='ltr'><strong>Aristot.</strong></span> <span class='ocrx_word' id='word_1_154' title='bbox 369 2980 444 3045; x_wconf 81' lang='lat' dir='ltr'><strong>Phys.</strong></span> <span class='ocrx_word' id='word_1_155' title='bbox 455 2980 488 3029; x_wconf 85' lang='lat' dir='ltr'><strong>ir.</strong></span> <span class='ocrx_word' id='word_1_156' title='bbox 499 2983 523 3030; x_wconf 87' lang='grc'><strong>6.</strong></span> <span class='ocrx_word' id='word_1_157' title='bbox 557 2983 666 3044; x_wconf 79' lang='lat' dir='ltr'><strong>Spirnndi</strong></span> <span class='ocrx_word' id='word_1_158' title='bbox 748 2981 805 3029; x_wconf 85' lang='grc'><strong>346.</strong></span> <span class='ocrx_word' id='word_1_159' title='bbox 822 2981 874 3029; x_wconf 78' lang='lat' dir='ltr'><strong>Sive</strong></span> <span class='ocrx_word' id='word_1_160' title='bbox 885 2982 951 3036; x_wconf 81' lang='lat' dir='ltr'><strong>leues,</strong></span> <span class='ocrx_word' id='word_1_161' title='bbox 964 2980 1025 3043; x_wconf 74' lang='lat' dir='ltr'><strong>etc]</strong></span> <span class='ocrx_word' id='word_1_162' title='bbox 1048 2979 1107 3028; x_wconf 82' lang='lat' dir='ltr'><strong>Eam</strong></span> <span class='ocrx_word' id='word_1_163' title='bbox 1118 2993 1214 3028; x_wconf 66' lang='lat' dir='ltr'><strong>cauum</strong></span> 
     </span>
     <span class='ocr_line' id='line_1_25' title="bbox 165 3051 1215 3118; baseline 0.001 -20"><span class='ocrx_word' id='word_1_164' title='bbox 165 3062 256 3099; x_wconf 80' lang='lat' dir='ltr'><strong>matare</strong></span> <span class='ocrx_word' id='word_1_165' title='bbox 282 3056 338 3101; x_wconf 75' lang='lat' dir='ltr'><strong>vini.</strong></span> <span class='ocrx_word' id='word_1_166' title='bbox 378 3054 448 3101; x_wconf 82' lang='lat' dir='ltr'><strong>Liber</strong></span> <span class='ocrx_word' id='word_1_167' title='bbox 472 3053 566 3103; x_wconf 83' lang='lat' dir='ltr'><strong>Ciolani</strong></span> <span class='ocrx_word' id='word_1_168' title='bbox 594 3053 666 3104; x_wconf 83' lang='lat' dir='ltr'><strong>babet</strong></span> <span class='ocrx_word' id='word_1_169' title='bbox 716 3053 834 3118; x_wconf 85' lang='lat' dir='ltr'><strong>copiosius</strong></span> <span class='ocrx_word' id='word_1_170' title='bbox 854 3053 953 3118; x_wconf 80' lang='lat' dir='ltr'><strong>exponit</strong></span> <span class='ocrx_word' id='word_1_171' title='bbox 968 3051 1100 3109; x_wconf 79' lang='lat' dir='ltr'><strong>Lucretius,</strong></span> <span class='ocrx_word' id='word_1_172' title='bbox 1118 3052 1150 3101; x_wconf 85' lang='lat' dir='ltr'><strong>vi.</strong></span> <span class='ocrx_word' id='word_1_173' title='bbox 1166 3053 1215 3100; x_wconf 86' lang='grc'><strong>680</strong></span> 
     </span>
     <span class='ocr_line' id='line_1_26' title="bbox 164 3126 1062 3192; baseline 0.001 -20"><span class='ocrx_word' id='word_1_174' title='bbox 164 3127 240 3184; x_wconf 72' lang='lat' dir='ltr'><strong>trices,¹</strong></span> <span class='ocrx_word' id='word_1_175' title='bbox 258 3126 299 3174; x_wconf 84' lang='lat' dir='ltr'><strong>rad</strong></span> <span class='ocrx_word' id='word_1_176' title='bbox 312 3128 432 3175; x_wconf 77' lang='lat' dir='ltr'><strong>einerecte</strong></span> <span class='ocrx_word' id='word_1_177' title='bbox 445 3128 539 3192; x_wconf 84' lang='lat' dir='ltr'><strong>praelert</strong></span> <span class='ocrx_word' id='word_1_178' title='bbox 548 3128 665 3176; x_wconf 87' lang='lat' dir='ltr'><strong>Burman·</strong></span> <span class='ocrx_word' id='word_1_179' title='bbox 715 3143 769 3192; x_wconf 92' lang='lat' dir='ltr'><strong>sqq.</strong></span> <span class='ocrx_word' id='word_1_180' title='bbox 803 3126 873 3175; x_wconf 69' lang='lat' dir='ltr'><strong>laver</strong></span> <span class='ocrx_word' id='word_1_181' title='bbox 883 3135 975 3174; x_wconf 90' lang='lat' dir='ltr'><strong>tantum</strong></span> <span class='ocrx_word' id='word_1_182' title='bbox 986 3134 1062 3175; x_wconf 89' lang='lat' dir='ltr'><strong>ornat.</strong></span> 
     </span>
     <span class='ocr_line' id='line_1_27' title="bbox 165 3197 1213 3257; baseline 0 -10"><span class='ocrx_word' id='word_1_183' title='bbox 165 3215 227 3257; x_wconf 80' lang='lat' dir='ltr'><strong>nus3</strong></span> <span class='ocrx_word' id='word_1_184' title='bbox 246 3216 301 3249; x_wconf 82' lang='lat' dir='ltr'><strong>narn</strong></span> <span class='ocrx_word' id='word_1_185' title='bbox 318 3215 431 3250; x_wconf 81' lang='lat' dir='ltr'><strong>cavernas</strong></span> <span class='ocrx_word' id='word_1_186' title='bbox 442 3212 466 3250; x_wconf 85' lang='lat' dir='ltr'><strong>et</strong></span> <span class='ocrx_word' id='word_1_187' title='bbox 477 3201 567 3250; x_wconf 79' lang='lat' dir='ltr'><strong>fistulas</strong></span> <span class='ocrx_word' id='word_1_188' title='bbox 577 3200 665 3250; x_wconf 87' lang='lat' dir='ltr'><strong>iutelli-</strong></span> <span class='ocrx_word' id='word_1_189' title='bbox 748 3201 805 3249; x_wconf 79' lang='lat'><strong>³50.</strong></span> <span class='ocrx_word' id='word_1_190' title='bbox 828 3200 963 3248; x_wconf 79' lang='lat' dir='ltr'><strong>Bitumineae</strong></span> <span class='ocrx_word' id='word_1_191' title='bbox 990 3203 1057 3254; x_wconf 81' lang='lat' dir='ltr'><strong>vires,</strong></span> <span class='ocrx_word' id='word_1_192' title='bbox 1086 3197 1213 3252; x_wconf 87' lang='lat' dir='ltr'><strong>bitumina.</strong></span> 
     </span>
     <span class='ocr_line' id='line_1_28' title="bbox 153 3270 1216 3340; baseline 0 -20"><span class='ocrx_word' id='word_1_193' title='bbox 153 3273 209 3337; x_wconf 83' lang='lat' dir='ltr'><strong>·git‚</strong></span> <span class='ocrx_word' id='word_1_194' title='bbox 221 3289 261 3338; x_wconf 88' lang='lat' dir='ltr'><strong>per</strong></span> <span class='ocrx_word' id='word_1_195' title='bbox 278 3289 338 3338; x_wconf 82' lang='lat' dir='ltr'><strong>quus</strong></span> <span class='ocrx_word' id='word_1_196' title='bbox 356 3273 417 3338; x_wconf 82' lang='lat' dir='ltr'><strong>ignis</strong></span> <span class='ocrx_word' id='word_1_197' title='bbox 431 3275 489 3330; x_wconf 84' lang='lat' dir='ltr'><strong>erit,</strong></span> <span class='ocrx_word' id='word_1_198' title='bbox 501 3290 608 3340; x_wconf 85' lang='lat' dir='ltr'><strong>quasque</strong></span> <span class='ocrx_word' id='word_1_199' title='bbox 620 3280 664 3337; x_wconf 80' lang='lat' dir='ltr'><strong>epi-</strong></span> <span class='ocrx_word' id='word_1_200' title='bbox 715 3289 769 3322; x_wconf 86' lang='lat' dir='ltr'><strong>curn</strong></span> <span class='ocrx_word' id='word_1_201' title='bbox 782 3274 815 3322; x_wconf 84' lang='lat' dir='ltr'><strong>vi.</strong></span> <span class='ocrx_word' id='word_1_202' title='bbox 850 3275 881 3321; x_wconf 86' lang='lat' dir='ltr'><strong>Et</strong></span> <span class='ocrx_word' id='word_1_203' title='bbox 892 3273 985 3321; x_wconf 82' lang='lat' dir='ltr'><strong>videtur</strong></span> <span class='ocrx_word' id='word_1_204' title='bbox 1001 3273 1045 3322; x_wconf 91' lang='lat' dir='ltr'><strong>hoc</strong></span> <span class='ocrx_word' id='word_1_205' title='bbox 1060 3270 1172 3338; x_wconf 75' lang='lat' dir='ltr'><strong>adjectis.</strong></span> <span class='ocrx_word' id='word_1_206' title='bbox 1184 3272 1216 3320; x_wconf 85' lang='lat' dir='ltr'><strong>ab</strong></span> 
     </span>
     <span class='ocr_line' id='line_1_29' title="bbox 163 3345 1214 3411; baseline 0 -17"><span class='ocrx_word' id='word_1_207' title='bbox 163 3349 350 3396; x_wconf 77' lang='lat' dir='ltr'><strong>rumentuetiam</strong></span> <span class='ocrx_word' id='word_1_208' title='bbox 363 3359 440 3397; x_wconf 83' lang='lat' dir='ltr'><strong>vocat.</strong></span> <span class='ocrx_word' id='word_1_209' title='bbox 466 3350 666 3398; x_wconf 80' lang='lat' dir='ltr'><strong>Finirscuoernur</strong></span> <span class='ocrx_word' id='word_1_210' title='bbox 716 3347 766 3411; x_wconf 83' lang='lat' dir='ltr'><strong>ipso</strong></span> <span class='ocrx_word' id='word_1_211' title='bbox 777 3346 865 3395; x_wconf 84' lang='lat' dir='ltr'><strong>Ovidio</strong></span> <span class='ocrx_word' id='word_1_212' title='bbox 879 3347 998 3410; x_wconf 78' lang='lat' dir='ltr'><strong>signatum</strong></span> <span class='ocrx_word' id='word_1_213' title='bbox 1015 3362 1074 3394; x_wconf 82' lang='lat' dir='ltr'><strong>esse.</strong></span> <span class='ocrx_word' id='word_1_214' title='bbox 1110 3345 1214 3408; x_wconf 78' lang='lat' dir='ltr'><strong>liupiunt</strong></span> 
     </span>
     <span class='ocr_line' id='line_1_30' title="bbox 164 3419 1215 3487; baseline -0.002 -17"><span class='ocrx_word' id='word_1_215' title='bbox 164 3438 214 3487; x_wconf 85' lang='lat' dir='ltr'><strong>pro,</strong></span> <span class='ocrx_word' id='word_1_216' title='bbox 225 3422 336 3471; x_wconf 81' lang='lat' dir='ltr'><strong>claudere</strong></span> <span class='ocrx_word' id='word_1_217' title='bbox 353 3437 402 3478; x_wconf 82' lang='lat' dir='ltr'><strong>eas,</strong></span> <span class='ocrx_word' id='word_1_218' title='bbox 417 3422 502 3471; x_wconf 87' lang='lat' dir='ltr'><strong>durum</strong></span> <span class='ocrx_word' id='word_1_219' title='bbox 519 3432 563 3472; x_wconf 86' lang='lat' dir='ltr'><strong>est.</strong></span> <span class='ocrx_word' id='word_1_220' title='bbox 590 3423 664 3472; x_wconf 90' lang='lat' dir='ltr'><strong>Hein·</strong></span> <span class='ocrx_word' id='word_1_221' title='bbox 715 3424 830 3477; x_wconf 85' lang='lat' dir='ltr'><strong>incendia,</strong></span> <span class='ocrx_word' id='word_1_222' title='bbox 847 3420 955 3470; x_wconf 89' lang='lat' dir='ltr'><strong>celeriter</strong></span> <span class='ocrx_word' id='word_1_223' title='bbox 975 3419 1112 3486; x_wconf 88' lang='lat' dir='ltr'><strong>concipiunt</strong></span> <span class='ocrx_word' id='word_1_224' title='bbox 1127 3419 1215 3484; x_wconf 84' lang='lat' dir='ltr'><strong>ignem.</strong></span> 
     </span>
     <span class='ocr_line' id='line_1_31' title="bbox 163 3494 1217 3560; baseline 0 -18"><span class='ocrx_word' id='word_1_225' title='bbox 163 3494 214 3543; x_wconf 81' lang='lat' dir='ltr'><strong>siue</strong></span> <span class='ocrx_word' id='word_1_226' title='bbox 223 3495 346 3551; x_wconf 80' lang='lat' dir='ltr'><strong>suadebat,</strong></span> <span class='ocrx_word' id='word_1_227' title='bbox 359 3495 411 3543; x_wconf 80' lang='lat' dir='ltr'><strong>Huc</strong></span> <span class='ocrx_word' id='word_1_228' title='bbox 427 3498 512 3558; x_wconf 80' lang='lat' dir='ltr'><strong>operire</strong></span> <span class='ocrx_word' id='word_1_229' title='bbox 523 3505 603 3558; x_wconf 81' lang='lat' dir='ltr'><strong>potest,</strong></span> <span class='ocrx_word' id='word_1_230' title='bbox 615 3497 665 3544; x_wconf 82' lang='lat' dir='ltr'><strong>iilic</strong></span> <span class='ocrx_word' id='word_1_231' title='bbox 717 3496 813 3560; x_wconf 77' lang='lat' dir='ltr'><strong>Eriguie</strong></span> <span class='ocrx_word' id='word_1_232' title='bbox 824 3495 906 3544; x_wconf 86' lang='lat' dir='ltr'><strong>Heius.</strong></span> <span class='ocrx_word' id='word_1_233' title='bbox 918 3494 1049 3544; x_wconf 68' lang='lat' dir='ltr'><strong>inocciduis</strong></span> <span class='ocrx_word' id='word_1_234' title='bbox 1063 3504 1106 3544; x_wconf 84' lang='lat' dir='ltr'><strong>aut</strong></span> <span class='ocrx_word' id='word_1_235' title='bbox 1119 3496 1217 3558; x_wconf 79' lang='lat' dir='ltr'><strong>irriguis</strong></span> 
     </span>
     <span class='ocr_line' id='line_1_32' title="bbox 162 3568 1214 3634; baseline 0.001 -18"><span class='ocrx_word' id='word_1_236' title='bbox 162 3571 254 3630; x_wconf 61' lang='lat' dir='ltr'><strong>amrin</strong></span> <span class='ocrx_word' id='word_1_237' title='bbox 270 3586 380 3617; x_wconf 70' lang='lat' dir='ltr'><strong>caventur</strong></span> <span class='ocrx_word' id='word_1_238' title='bbox 389 3589 396 3625; x_wconf 89' lang='lat'>;</span> <span class='ocrx_word' id='word_1_239' title='bbox 416 3570 567 3617; x_wconf 81' lang='lat' dir='ltr'><strong>Burmannus</strong></span> <span class='ocrx_word' id='word_1_240' title='bbox 584 3579 663 3618; x_wconf 83' lang='lat' dir='ltr'><strong>sutem</strong></span> <span class='ocrx_word' id='word_1_241' title='bbox 715 3570 801 3618; x_wconf 85' lang='lat' dir='ltr'><strong>mutari</strong></span> <span class='ocrx_word' id='word_1_242' title='bbox 814 3568 915 3618; x_wconf 84' lang='lat' dir='ltr'><strong>volebat.</strong></span> <span class='ocrx_word' id='word_1_243' title='bbox 943 3569 1012 3619; x_wconf 85' lang='lat' dir='ltr'><strong>Prius</strong></span> <span class='ocrx_word' id='word_1_244' title='bbox 1022 3569 1152 3634; x_wconf 80' lang='lat' dir='ltr'><strong>problrunt</strong></span> <span class='ocrx_word' id='word_1_245' title='bbox 1162 3568 1214 3617; x_wconf 85' lang='lat' dir='ltr'><strong>Ro·</strong></span> 
     </span>
     <span class='ocr_line' id='line_1_33' title="bbox 163 3641 1217 3707; baseline -0.002 -16"><span class='ocrx_word' id='word_1_246' title='bbox 163 3641 248 3691; x_wconf 85' lang='lat' dir='ltr'><strong>nrerito</strong></span> <span class='ocrx_word' id='word_1_247' title='bbox 262 3641 366 3698; x_wconf 84' lang='lat' dir='ltr'><strong>dubitat.</strong></span> <span class='ocrx_word' id='word_1_248' title='bbox 378 3659 408 3692; x_wconf 85' lang='lat' dir='ltr'><strong>aa</strong></span> <span class='ocrx_word' id='word_1_249' title='bbox 425 3642 450 3692; x_wconf 93' lang='lat' dir='ltr'><strong>in</strong></span> <span class='ocrx_word' id='word_1_250' title='bbox 465 3643 510 3691; x_wconf 83' lang='lat' dir='ltr'><strong>bac</strong></span> <span class='ocrx_word' id='word_1_251' title='bbox 527 3642 665 3707; x_wconf 78' lang='lat' dir='ltr'><strong>agnomina·</strong></span> <span class='ocrx_word' id='word_1_252' title='bbox 715 3641 769 3690; x_wconf 84' lang='lat' dir='ltr'><strong>dius</strong></span> <span class='ocrx_word' id='word_1_253' title='bbox 786 3651 811 3690; x_wconf 88' lang='lat' dir='ltr'><strong>et</strong></span> <span class='ocrx_word' id='word_1_254' title='bbox 828 3642 937 3691; x_wconf 68' lang='lat' dir='ltr'><strong>lenzius.</strong></span> <span class='ocrx_word' id='word_1_255' title='bbox 970 3641 1162 3700; x_wconf 84' lang='lat' dir='ltr'><strong>1nrmo,suliurn</strong></span> <span class='ocrx_word' id='word_1_256' title='bbox 1179 3658 1217 3691; x_wconf 88' lang='lat' dir='ltr'><strong>ar·</strong></span> 
     </span>
     <span class='ocr_line' id='line_1_34' title="bbox 164 3715 1216 3783; baseline 0.002 -19"><span class='ocrx_word' id='word_1_257' title='bbox 164 3715 227 3765; x_wconf 82' lang='lat' dir='ltr'><strong>tione</strong></span> <span class='ocrx_word' id='word_1_258' title='bbox 237 3717 282 3765; x_wconf 85' lang='lat' dir='ltr'><strong>sibi</strong></span> <span class='ocrx_word' id='word_1_259' title='bbox 295 3717 412 3783; x_wconf 84' lang='lat' dir='ltr'><strong>placuerit</strong></span> <span class='ocrx_word' id='word_1_260' title='bbox 423 3716 536 3767; x_wconf 86' lang='lat' dir='ltr'><strong>Ovidius:</strong></span> <span class='ocrx_word' id='word_1_261' title='bbox 555 3718 605 3782; x_wconf 83' lang='lat' dir='ltr'><strong>ipre</strong></span> <span class='ocrx_word' id='word_1_262' title='bbox 616 3733 665 3766; x_wconf 89' lang='lat' dir='ltr'><strong>rna·</strong></span> <span class='ocrx_word' id='word_1_263' title='bbox 715 3716 816 3766; x_wconf 87' lang='lat' dir='ltr'><strong>descunt</strong></span> <span class='ocrx_word' id='word_1_264' title='bbox 832 3716 875 3774; x_wconf 84' lang='lat' dir='ltr'><strong>ita,</strong></span> <span class='ocrx_word' id='word_1_265' title='bbox 892 3728 919 3766; x_wconf 89' lang='lat' dir='ltr'><strong>ut</strong></span> <span class='ocrx_word' id='word_1_266' title='bbox 938 3718 1036 3781; x_wconf 77' lang='lat' dir='ltr'><strong>exiguos</strong></span> <span class='ocrx_word' id='word_1_267' title='bbox 1052 3717 1130 3765; x_wconf 79' lang='lat' dir='ltr'><strong>tumor</strong></span> <span class='ocrx_word' id='word_1_268' title='bbox 1147 3716 1216 3766; x_wconf 89' lang='lat' dir='ltr'><strong>emit·</strong></span> 
     </span>
     <span class='ocr_line' id='line_1_35' title="bbox 164 3789 1216 3856; baseline 0 -19"><span class='ocrx_word' id='word_1_269' title='bbox 164 3789 201 3846; x_wconf 81' lang='lat' dir='ltr'><strong>lit,</strong></span> <span class='ocrx_word' id='word_1_270' title='bbox 224 3791 275 3839; x_wconf 79' lang='lat' dir='ltr'><strong>Hm</strong></span> <span class='ocrx_word' id='word_1_271' title='bbox 297 3802 377 3840; x_wconf 81' lang='lat' dir='ltr'><strong>tumre</strong></span> <span class='ocrx_word' id='word_1_272' title='bbox 398 3796 467 3856; x_wconf 87' lang='lat' dir='ltr'><strong>(nam</strong></span> <span class='ocrx_word' id='word_1_273' title='bbox 493 3807 554 3840; x_wconf 89' lang='lat' dir='ltr'><strong>unus</strong></span> <span class='ocrx_word' id='word_1_274' title='bbox 575 3791 665 3843; x_wconf 86' lang='lat' dir='ltr'><strong>Medic.</strong></span> <span class='ocrx_word' id='word_1_275' title='bbox 715 3799 782 3840; x_wconf 83' lang='lat' dir='ltr'><strong>tant:</strong></span> <span class='ocrx_word' id='word_1_276' title='bbox 801 3807 855 3856; x_wconf 78' lang='lat' dir='ltr'><strong>que</strong></span> <span class='ocrx_word' id='word_1_277' title='bbox 870 3799 907 3841; x_wconf 85' lang='lat' dir='ltr'><strong>est</strong></span> <span class='ocrx_word' id='word_1_278' title='bbox 922 3801 1006 3840; x_wconf 89' lang='lat' dir='ltr'><strong>natura</strong></span> <span class='ocrx_word' id='word_1_279' title='bbox 1022 3791 1125 3840; x_wconf 81' lang='lat' dir='ltr'><strong>rulluris.</strong></span> <span class='ocrx_word' id='word_1_280' title='bbox 1160 3789 1216 3838; x_wconf 89' lang='lat' dir='ltr'><strong>Non</strong></span> 
     </span>
     <span class='ocr_line' id='line_1_36' title="bbox 166 3862 1215 3931; baseline -0.001 -19"><span class='ocrx_word' id='word_1_281' title='bbox 166 3864 238 3914; x_wconf 85' lang='lat' dir='ltr'><strong>babet</strong></span> <span class='ocrx_word' id='word_1_282' title='bbox 249 3866 352 3929; x_wconf 79' lang='lat' dir='ltr'><strong>furare)</strong></span> <span class='ocrx_word' id='word_1_283' title='bbox 371 3877 461 3928; x_wconf 74' lang='lat' dir='ltr'><strong>puteat,¹</strong></span> <span class='ocrx_word' id='word_1_284' title='bbox 485 3865 549 3931; x_wconf 90' lang='lat' dir='ltr'><strong>quod</strong></span> <span class='ocrx_word' id='word_1_285' title='bbox 569 3867 665 3915; x_wconf 86' lang='lat' dir='ltr'><strong>verbum</strong></span> <span class='ocrx_word' id='word_1_286' title='bbox 716 3875 797 3914; x_wconf 86' lang='lat' dir='ltr'><strong>autem</strong></span> <span class='ocrx_word' id='word_1_287' title='bbox 812 3867 935 3915; x_wconf 81' lang='lat' dir='ltr'><strong>ardescere</strong></span> <span class='ocrx_word' id='word_1_288' title='bbox 944 3874 1041 3930; x_wconf 84' lang='lat' dir='ltr'><strong>possunt</strong></span> <span class='ocrx_word' id='word_1_289' title='bbox 1052 3879 1095 3928; x_wconf 90' lang='lat' dir='ltr'><strong>ope</strong></span> <span class='ocrx_word' id='word_1_290' title='bbox 1108 3862 1165 3912; x_wconf 82' lang='lat' dir='ltr'><strong>lurni</strong></span> <span class='ocrx_word' id='word_1_291' title='bbox 1178 3863 1215 3911; x_wconf 85' lang='lat' dir='ltr'><strong>vel</strong></span> 
     </span>
     <span class='ocr_line' id='line_1_37' title="bbox 164 3935 1215 4004; baseline -0.003 -18"><span class='ocrx_word' id='word_1_292' title='bbox 164 3939 223 3988; x_wconf 80' lang='lat' dir='ltr'><strong>iorte</strong></span> <span class='ocrx_word' id='word_1_293' title='bbox 241 3940 360 3989; x_wconf 80' lang='lat' dir='ltr'><strong>veteribus</strong></span> <span class='ocrx_word' id='word_1_294' title='bbox 381 3939 405 3989; x_wconf 91' lang='lat' dir='ltr'><strong>in</strong></span> <span class='ocrx_word' id='word_1_295' title='bbox 427 3957 470 3989; x_wconf 86' lang='lat' dir='ltr'><strong>usu</strong></span> <span class='ocrx_word' id='word_1_296' title='bbox 493 3938 572 3996; x_wconf 81' lang='lat' dir='ltr'><strong>luerit,</strong></span> <span class='ocrx_word' id='word_1_297' title='bbox 590 3955 665 4004; x_wconf 86' lang='lat' dir='ltr'><strong>quen·</strong></span> <span class='ocrx_word' id='word_1_298' title='bbox 717 3938 815 3994; x_wconf 80' lang='lat' dir='ltr'><strong>assidui,</strong></span> <span class='ocrx_word' id='word_1_299' title='bbox 828 3940 865 3988; x_wconf 86' lang='lat' dir='ltr'><strong>rel</strong></span> <span class='ocrx_word' id='word_1_300' title='bbox 882 3937 970 4002; x_wconf 84' lang='lat' dir='ltr'><strong>exigui.</strong></span> <span class='ocrx_word' id='word_1_301' title='bbox 1005 3937 1076 3986; x_wconf 89' lang='lat' dir='ltr'><strong>Unde</strong></span> <span class='ocrx_word' id='word_1_302' title='bbox 1093 3936 1156 3984; x_wconf 89' lang='lat' dir='ltr'><strong>enim</strong></span> <span class='ocrx_word' id='word_1_303' title='bbox 1173 3935 1215 3984; x_wconf 84' lang='lat' dir='ltr'><strong>ille</strong></span> 
     </span>
     <span class='ocr_line' id='line_1_38' title="bbox 164 4012 813 4078; baseline -0.006 -16"><span class='ocrx_word' id='word_1_304' title='bbox 164 4028 237 4077; x_wconf 87' lang='lat' dir='ltr'><strong>quarn</strong></span> <span class='ocrx_word' id='word_1_305' title='bbox 255 4013 403 4078; x_wconf 77' lang='lat' dir='ltr'><strong>frequentius</strong></span> <span class='ocrx_word' id='word_1_306' title='bbox 417 4015 468 4078; x_wconf 84' lang='lat' dir='ltr'><strong>ejus</strong></span> <span class='ocrx_word' id='word_1_307' title='bbox 485 4012 613 4076; x_wconf 81' lang='lat' dir='ltr'><strong>composito</strong></span> <span class='ocrx_word' id='word_1_308' title='bbox 630 4015 667 4061; x_wconf 84' lang='lat' dir='ltr'><strong>ob·</strong></span> <span class='ocrx_word' id='word_1_309' title='bbox 717 4012 813 4060; x_wconf 83' lang='lat' dir='ltr'><strong>sumusl</strong></span> 
     </span>
     <span class='ocr_line' id='line_1_39' title="bbox 165 4081 1215 4152; baseline -0.005 -17"><span class='ocrx_word' id='word_1_310' title='bbox 165 4097 246 4136; x_wconf 77' lang='lat' dir='ltr'><strong>tur-ure</strong></span> <span class='ocrx_word' id='word_1_311' title='bbox 264 4087 300 4136; x_wconf 83' lang='lat' dir='ltr'><strong>usi</strong></span> <span class='ocrx_word' id='word_1_312' title='bbox 318 4087 375 4138; x_wconf 88' lang='lat' dir='ltr'><strong>sint.</strong></span> <span class='ocrx_word' id='word_1_313' title='bbox 410 4091 460 4152; x_wconf 76' lang='lat' dir='ltr'><strong>Ego</strong></span> <span class='ocrx_word' id='word_1_314' title='bbox 479 4089 599 4151; x_wconf 82' lang='lat' dir='ltr'><strong>vulgatam</strong></span> <span class='ocrx_word' id='word_1_315' title='bbox 617 4102 664 4136; x_wconf 86' lang='lat' dir='ltr'><strong>ser-</strong></span> <span class='ocrx_word' id='word_1_316' title='bbox 749 4086 807 4134; x_wconf 79' lang='lat'><strong>³56.</strong></span> <span class='ocrx_word' id='word_1_317' title='bbox 826 4087 923 4134; x_wconf 75' lang='lat' dir='ltr'><strong>Pallene</strong></span> <span class='ocrx_word' id='word_1_318' title='bbox 931 4083 1037 4132; x_wconf 70' lang='lat' dir='ltr'><strong>Thracia</strong></span> <span class='ocrx_word' id='word_1_319' title='bbox 1050 4084 1112 4130; x_wconf 81' lang='lat' dir='ltr'><strong>urbs.</strong></span> <span class='ocrx_word' id='word_1_320' title='bbox 1141 4081 1179 4129; x_wconf 90' lang='lat' dir='ltr'><strong>Ibi</strong></span> <span class='ocrx_word' id='word_1_321' title='bbox 1190 4091 1215 4130; x_wconf 82' lang='lat' dir='ltr'><strong>et</strong></span> 
     </span>
     <span class='ocr_line' id='line_1_40' title="bbox 166 4154 1214 4227; baseline -0.002 -18"><span class='ocrx_word' id='word_1_322' title='bbox 166 4160 268 4210; x_wconf 74' lang='lat' dir='ltr'><strong>eandam</strong></span> <span class='ocrx_word' id='word_1_323' title='bbox 280 4160 386 4211; x_wconf 81' lang='lat' dir='ltr'><strong>arbitror.</strong></span> <span class='ocrx_word' id='word_1_324' title='bbox 420 4161 514 4227; x_wconf 87' lang='lat' dir='ltr'><strong>Proprie</strong></span> <span class='ocrx_word' id='word_1_325' title='bbox 527 4161 598 4210; x_wconf 84' lang='lat' dir='ltr'><strong>tellus</strong></span> <span class='ocrx_word' id='word_1_326' title='bbox 605 4162 665 4225; x_wconf 78' lang='lat' dir='ltr'><strong>finit</strong></span> <span class='ocrx_word' id='word_1_327' title='bbox 718 4158 797 4206; x_wconf 80' lang='lat' dir='ltr'><strong>Triton</strong></span> <span class='ocrx_word' id='word_1_328' title='bbox 808 4157 884 4207; x_wconf 80' lang='lat' dir='ltr'><strong>lacus.</strong></span> <span class='ocrx_word' id='word_1_329' title='bbox 904 4156 989 4207; x_wconf 87' lang='lat' dir='ltr'><strong>Vibius</strong></span> <span class='ocrx_word' id='word_1_330' title='bbox 997 4158 1124 4222; x_wconf 72' lang='lat' dir='ltr'><strong>sequester</strong></span> <span class='ocrx_word' id='word_1_331' title='bbox 1133 4155 1157 4205; x_wconf 88' lang='lat' dir='ltr'><strong>in</strong></span> <span class='ocrx_word' id='word_1_332' title='bbox 1167 4154 1214 4207; x_wconf 77' lang='lat' dir='ltr'><strong>Pa·</strong></span> 
     </span>
    </p>

    <p class='ocr_par' dir='ltr' id='par_1_8' title="bbox 199 4232 868 4285">
     <span class='ocr_line' id='line_1_41' title="bbox 199 4232 868 4285; baseline -0.007 -1"><span class='ocrx_word' id='word_1_333' title='bbox 199 4234 275 4284; x_wconf 76' lang='lat' dir='ltr'><strong>VOL.</strong></span> <span class='ocrx_word' id='word_1_334' title='bbox 289 4234 333 4285; x_wconf 83' lang='lat' dir='ltr'><strong>1v.</strong></span> <span class='ocrx_word' id='word_1_335' title='bbox 813 4232 868 4280; x_wconf 86' lang='grc' dir='ltr'><strong>3Μ</strong></span> 
     </span>
    </p>
   </div>
   <div class='ocr_carea' id='block_1_5' title="bbox 0 0 1392 5004">
    <p class='ocr_par' dir='ltr' id='par_1_9' title="bbox 0 0 1392 5004">
     <span class='ocr_line' id='line_1_42' title="bbox 0 0 1392 5004; baseline 0 2"><span class='ocrx_word' id='word_1_336' title='bbox 0 0 1392 5004; x_wconf 95' lang='lat' dir='ltr'><strong> </strong></span> 
     </span>
    </p>
   </div>
  </div>
 </body>
</html>
