2774 5004
286 346 351 410 378
578 341 617 404 Ρ.
641 338 802 405 0VlDll
829 336 1041 402 NASONIS

291 518 389 590 Cum
408 516 505 588 duce
525 514 681 586 Cumaea
698 512 793 586 fallit
810 533 982 586 sermone
1003 512 1187 584 laborem.
1242 510 1323 608 [pit;

290 632 469 727 Dumque
484 630 553 703 iter
565 629 793 704 horrendum
807 653 875 725 per
889 650 1011 723 opaca
1023 624 1254 723 crepuscula
1260 649 1327 698 cur·

291 756 315 785 “
334 747 410 818 Seu
430 746 514 818 Dea
530 758 571 818 tu
590 766 768 842 praesens,
784 768 851 816 seu
871 742 940 815 Dis
958 740 1326 838 gratissima,'’dixit;

291 871 315 899 “
332 860 507 933 Numinis
527 860 644 932 instar
661 857 735 932 eris
748 880 900 955 semper
913 856 1023 929 mihi:
1044 879 1188 952 meque
1203 855 1331 928 fatebor

292 973 462 1048 Muneris
481 997 566 1047 esse
584 974 651 1058 tui,
671 996 757 1068 quae
776 997 837 1045 me
855 973 939 1045 loca
956 970 1086 1044 mortis
1105 971 1228 1055 adire,
1276 974 1330 1042 125
1380 974 1383 1069 ξ

292 1089 386 1174 Quae
406 1092 488 1164 loca
506 1114 566 1164 me
583 1089 673 1161 visae
691 1089 840 1161 voluisti
858 1089 1016 1163 evadere
1035 1088 1186 1161 mortis.
1381 1078 1383 1083 ’

292 1206 369 1279 Pro
387 1208 525 1302 quibus
543 1206 662 1279 aerias
680 1206 823 1278 meritis
841 1216 995 1279 evectus
1013 1204 1060 1276 ad
1083 1226 1201 1276 auras
1380 1214 1383 1293 j

292 1321 452 1418 Templa
469 1321 538 1393 tibi
557 1331 732 1406 statuam,
747 1320 908 1392 tribuam
926 1319 994 1392 tibi
1012 1319 1109 1391 turis
1127 1318 1332 1392 honorem.’'
1381 1342 1383 1387 :

291 1437 464 1534 Respicit
480 1438 580 1509 hunc
599 1448 715 1520 vates,
731 1447 771 1509 et
788 1436 1037 1532 suspiratibus
1056 1434 1222 1522 haustis

293 1561 316 1590 “
327 1550 409 1625 Nee
422 1552 505 1625 Dea
515 1552 635 1635 sum‚”
646 1551 756 1635 dixit,
771 1560 795 1588 “
807 1577 877 1625 nec
890 1552 986 1624 sacri
1001 1551 1095 1624 turis
1110 1553 1256 1626 honore
1276 1555 1334 1623 130

293 1666 510 1740 Humanum
527 1668 683 1762 dignare
701 1679 836 1764 caput:
866 1691 939 1741 neu
957 1667 1110 1740 nescius
1129 1692 1248 1752 erres,

293 1782 377 1854 Lux
395 1794 535 1855 aeterna
552 1783 655 1867 mihi,
674 1784 911 1880 carituraque
929 1783 1004 1856 fine
1021 1782 1202 1868 dabatur,

295 1898 336 1969 Si
355 1921 439 1970 mea
456 1899 647 1993 virginitas
665 1898 811 1972 Phoebo
828 1899 1013 1995 patuisset
1030 1899 1189 1971 amanti.

296 2012 397 2085 Dum
409 2024 536 2086 tamen
548 2015 643 2086 hanc
655 2028 793 2112 sperat,
805 2016 896 2088 dum
904 2037 1230 2112 praecorrumpere
1240 2014 1338 2086 donis

294 2127 361 2201 Me
379 2128 505 2226 cupit;
536 2140 545 2167 ⁴
564 2128 684 2227 Elige,
704 2133 768 2217 ait,
787 2132 890 2228 virgo
910 2131 1079 2214 Cumaea,
1100 2129 1196 2225 quid
1215 2141 1337 2226 optes:

297 2242 450 2340 Optatis
469 2246 611 2342 potiore
629 2247 704 2319 tuis
717 2247 738 2320 ε’
767 2270 838 2343 ego
855 2245 1018 2343 pulveris
1038 2244 1165 2317 hausti
1279 2247 1339 2315 136

297 2357 514 2434 Ostendens
533 2365 736 2448 cumulum,
752 2375 846 2459 quot
864 2362 1019 2434 haberet
1036 2384 1199 2456 corpora
1212 2360 1339 2456 pulvis,

295 2473 367 2547 Tot
385 2476 473 2548 milri
493 2478 636 2550 natales
654 2478 870 2573 contingere
888 2501 984 2550 vana
1001 2475 1139 2571 rogavi.

297 2588 450 2663 Excidit
467 2603 635 2688 optarem
650 2597 807 2690 juvenes
826 2616 978 2690 quoque
998 2590 1170 2688 protinus
1190 2614 1327 2662 annos:

297 2702 378 2777 Hos
393 2716 518 2779 tamen
539 2708 600 2779 ille
618 2707 709 2778 mihi
723 2708 849 2794 dabat,
863 2718 1117 2802 aeternamque
1131 2706 1339 2800 juventam,

295 2998 311 3031 a
330 2985 430 3033 librariis
448 2988 578 3051 proiectum
600 2989 700 3044 videtur,
721 3005 794 3054 quum
845 2990 887 3038 sed
913 2989 1027 3037 reclamat
1049 2987 1094 3035 loci
1119 2986 1203 3035 series.
1239 2986 1344 3034 Numinis

288 3059 360 3122 saliit
371 3059 442 3107 tacite
454 3062 555 3124 potuerit
566 3063 639 3126 repeti
651 3080 680 3112 ex
692 3067 722 3112 vi.
733 3066 773 3113 60.
846 3064 904 3112 mihi
920 3063 993 3110 instar
1005 3062 1058 3116 eris,
1069 3061 1159 3123 templa
1176 3061 1220 3108 tibi
1237 3070 1344 3113 statuam.

332 3135 384 3180 122.
401 3135 477 3195 Opaon
486 3138 680 3198 crepuucnlmlux
692 3138 796 3201 maligna
845 3147 869 3186 et
887 3138 945 3185 turis
959 3137 1069 3183 honorem
1086 3136 1200 3183 tribuam.
1236 3135 1287 3183 Nec
1302 3135 1344 3182 Du

196 3228 200 3236 ¹
296 3219 321 3256 et
332 3210 415 3258 similis
425 3211 650 3276 crepusculo‚quale
662 3213 726 3277 apud
737 3212 797 3260 inle·
844 3227 950 3265 summer
959 3219 1010 3257 ture
1019 3209 1117 3271 dignum
1127 3207 1262 3256 humanum
1273 3216 1345 3272 caput.

296 3299 333 3331 ros
347 3300 397 3332 esse
413 3284 484 3332 uolat:
503 3285 537 3332 sic
554 3289 647 3333 obscuro
664 3289 797 3348 crepusculo
881 3285 936 3331 lat.
972 3283 1167 3341 Precorrumpere
1194 3285 1273 3337 donin
1296 3290 1344 3328 ante

296 3356 326 3404 de
337 3373 433 3421 vespera
446 3358 469 3405 in
482 3367 575 3406 noctem
587 3359 796 3415 inclinanturast.
847 3371 995 3420 corrumpere
1014 3355 1091 3410 donis,
1113 3370 1186 3418 quum
1212 3355 1346 3405 concubitu.

297 3446 322 3477 v.
337 3432 397 3488 163;
415 3431 565 3479 inlerosvoro
579 3449 672 3493 opacum
686 3436 797 3480 minutum
847 3429 983 3495 Dupliciter
1002 3427 1158 3492 corrumpitur
1177 3427 1247 3491 virgo
1265 3439 1347 3489 petens,

298 3502 357 3550 dicit
369 3504 470 3550 Metam.
483 3520 505 3551 v.
515 3505 579 3562 5073
598 3505 680 3554 Burni.
847 3521 901 3570 quia
909 3503 945 3551 sui
957 3502 1026 3550 facile
1037 3503 1128 3567 copiam
1144 3501 1213 3551 lacit.
1251 3503 1346 3551 Precor·

333 3576 386 3622 125.
411 3576 517 3623 Micueris
533 3593 576 3624 eure
594 3580 638 3632 tui,
650 3578 747 3634 fatebor,
759 3595 797 3628 mo
847 3588 916 3640 raptu
929 3577 999 3624 etiarn
1011 3575 1120 3634 i1.296;
1138 3575 1194 3624 vide
1206 3576 1239 3624 ad
1253 3593 1301 3625 ver.
1311 3579 1348 3624 55·

297 3647 383 3695 debere
405 3663 442 3696 me
463 3664 564 3713 meaque
585 3661 671 3698 cuncta
693 3651 750 3711 tibi;
775 3670 797 3701 v.
883 3651 939 3698 137.
958 3650 1017 3704 Quot
1029 3650 1128 3704 luberet,
1137 3649 1197 3710 etc]
1216 3649 1290 3699 Unus
1300 3652 1348 3698 lile

297 3721 354 3769 ³⁴3.
367 3722 456 3769 cero-ts
466 3738 541 3770 tumus
551 3727 626 3771 ornain
637 3742 727 3774 munus.
754 3729 797 3775 Ae·
848 3723 1120 3786 dicensquotlrubereut.
1148 3723 1349 3785 Eaclditoptum

297 3797 345 3843 rius
355 3811 425 3842 aurat
435 3795 468 3843 ir.
479 3797 537 3844 219.
847 3813 876 3846 ex
893 3797 968 3845 altero
983 3795 1168 3860 Hamburgunsi,
1182 3813 1230 3845 uno
1243 3796 1351 3847 Leideusi

334 3871 388 3918 ltu.
408 3869 499 3932 Templo
511 3873 669 3931 ultumam,
680 3875 740 3937 ete]
760 3875 799 3924 ct.
849 3879 874 3919 et
892 3887 939 3920 uno
957 3887 1001 3919 suo
1021 3866 1089 3918 dedit
1107 3869 1238 3931 Heinsius3
1266 3871 1352 3926 eremi.

301 3944 386 4008 virgil.
397 3943 422 3993 d.
433 3944 450 3992 l.
462 3946 566 3994 71-74,
576 3948 617 3996 ubi
628 3947 694 3996 libris
703 3948 799 4012 Sibylli·
848 3947 932 3993 excidit
945 3956 972 3992 ut
986 3955 1091 4005 peterem.
1124 3944 1195 3992 Hanc
1210 3955 1352 4008 postremam

298 4017 336 4067 nis
347 4019 457 4068 honorem
465 4019 600 4070 habendum
611 4020 733 4087 promittit.
759 4022 798 4072 Da
849 4018 974 4067 lectionem
986 4019 1075 4067 habent
1085 4017 1180 4065 codices
1192 4018 1280 4082 Regii:
1298 4021 1353 4069 etin

300 4091 366 4138 libris
377 4091 425 4139 illis
435 4092 506 4140 etiam
518 4093 570 4142 liaec
582 4103 660 4143 nostra
670 4095 742 4143 verba
756 4110 797 4143 ca·
849 4093 931 4141 codice
954 4093 986 4141 Α.
1008 4091 1093 4156 legitur
1117 4091 1285 4143 interlinearis
1306 4094 1354 4142 hec

299 4163 386 4227 pianda
404 4180 455 4214 esse
471 4175 553 4215 censet
570 4166 679 4230 Heynius
695 4167 726 4216 ed
742 4167 767 4216 d.
781 4166 798 4214 l.
848 4167 939 4231 glossa:
957 4167 1047 4216 excidit
1057 4183 1071 4214 n
1081 4175 1169 4215 mente.
