2774 5004
370 328 840 398 METAMORPHOSEON
865 330 956 398 unt.
983 332 1032 397 X.
1147 334 1215 400 16⁶

162 507 230 583 Me
248 506 332 582 siue
349 506 446 579 ferre
463 504 553 592 tibi;
574 528 650 577 non
667 513 728 578 est
744 527 830 578 mea
846 504 954 602 pigra
971 516 1159 581 senectus.

163 625 242 699 Seu
253 623 356 697 furor
366 633 443 710 est3
465 621 586 696 habeo
599 645 685 719 quae
695 622 861 695 carmine
878 633 997 711 sanet,
1012 634 1051 698 et
1061 624 1211 700 herbis:

163 740 255 814 Sive
273 737 411 836 aliquis
428 737 580 826 nocuit3
607 738 755 835 magico
773 738 981 813 lustrabere
998 739 1093 815 ritu:

162 855 255 929 Sive
272 865 333 929 est
344 855 400 927 ira
418 853 560 942 Deum3
590 856 705 927 sacris
725 855 920 953 placabilis
939 855 1006 928 ira,

163 969 268 1055 Quid
285 993 370 1044 rear
383 968 538 1044 utilius?
565 981 669 1043 certe
687 968 835 1044 fortuna
851 971 1063 1068 domusque
1137 977 1213 1047 400

164 1086 323 1184 Sospes,
344 1097 382 1159 et
396 1085 434 1158 in
448 1109 560 1158 eursu
575 1097 653 1159 est:
671 1086 798 1160 vivunt
808 1086 1069 1184 genetrixque,
1088 1098 1211 1186 pater-

163 1201 337 1300 Myrrha,
349 1211 457 1300 patre
468 1202 608 1287 audito,
621 1202 782 1300 suspiria
792 1203 903 1276 duxit
912 1203 960 1276 ab
971 1203 1045 1275 imo
1082 1203 1213 1301 [que.''

164 1317 353 1392 Pectore:
381 1341 451 1392 uec
470 1319 595 1390 nutrix
614 1320 819 1392 etiamnum
837 1319 1002 1417 concipit
1018 1319 1136 1392 ullum
1223 1345 1234 1353 ·

164 1431 1208 1533 Mentenefas3aliquemquetamenpraesentitamorem;

165 1547 435 1648 Propositique
453 1561 580 1637 tenax,
601 1551 857 1649 quodcunque
875 1552 936 1638 sit,
955 1561 1049 1636 orat,
1068 1560 1110 1623 ut
1127 1549 1199 1649 ipsi

167 1663 331 1752 indicet,
358 1675 398 1738 et
415 1665 557 1762 gremio
575 1665 834 1741 lacrimantem
853 1667 951 1740 tollit
969 1666 1070 1740 anili.

165 1780 297 1879 Atque
315 1781 369 1854 ita
385 1783 643 1879 complectens
660 1783 815 1857 infirmis
833 1785 1002 1858 membra
1020 1783 1193 1872 lacertis;

168 1905 192 1936 “
208 1896 600 1995 Sensimus,’'inquit;
622 1907 646 1937 “
659 1921 784 1973 amas:
805 1899 900 1973 etin
918 1899 989 1973 hoc
1007 1922 1102 1986 mea,
1114 1924 1212 1998 pone
1235 1915 1238 1920 ’

319 2013 505 2099 timorem,
1139 2020 1214 2090 408

169 2127 364 2204 Sedulitas
382 2129 453 2203 erit
470 2140 559 2227 apta
575 2128 665 2202 tibi:
694 2153 764 2205 nec
783 2130 921 2205 sentiet
939 2155 1106 2230 unquam
1197 2124 1201 2129 ’

167 2243 254 2319 Hoc
272 2245 418 2344 pater.''
454 2244 598 2318 Exiluit
616 2247 757 2343 gremio
771 2246 982 2334 furibunda,
997 2259 1199 2346 torumque

163 2361 453 2460 'Orepremens3
473 2372 495 2401 “
510 2362 687 2449 Discede,
699 2387 845 2461 precor,
857 2365 1070 2461 miseroque
1080 2365 1215 2462 pudori

168 2477 329 2564 Parce,”
340 2478 412 2552 ait:
433 2477 601 2565 instanti,
618 2487 642 2517 “
654 2479 822 2566 discede,
842 2489 907 2552 aut
923 2479 1092 2564 desine,”
1103 2478 1212 2565 dixit,

168 2704 223 2751 dm
233 2702 310 2765 fida
327 2703 430 2754 debebat
448 2703 524 2769 nequi,
541 2703 582 2752 red
600 2719 669 2770 opem
719 2714 816 2768 tuteque
830 2703 901 2751 domo
916 2703 987 2752 nullm
1004 2711 1067 2751 sunt.
1100 2701 1132 2749 Ia
1147 2717 1217 2750 cum

168 2776 242 2825 etiam
255 2777 327 2826 ferre.
362 2777 451 2826 Verum
468 2775 571 2825 mutavit
585 2777 670 2826 oratio·
721 2788 760 2833 est,
778 2792 886 2842 prospere
905 2776 947 2824 tibi
966 2775 1060 2839 tuisque
1079 2775 1158 2823 omniu
1174 2791 1216 2824 ce·

169 2860 263 2900 uemet
272 2851 389 2900 euticem
402 2851 475 2917 ipsam
487 2851 624 2916 loquentem
633 2851 670 2899 iu·
722 2851 790 2899 dunt„
823 2851 916 2898 Passim
937 2849 1001 2915 apud
1018 2850 1130 2897 Nostrum
1146 2853 1218 2907 dolor,

170 2923 248 2974 duxit.
281 2925 341 2990 Sqq,
354 2925 385 2973 de
400 2925 484 2982 surore,
495 2941 567 2990 quem
585 2924 673 2991 philtra
713 2926 798 2990 furor,
809 2940 864 2986 sper,
872 2924 1038 2973 etodicuntur
1047 2926 1072 2970 ia
1083 2940 1152 2972 cum
1162 2940 1218 2974 em:

163 2996 288 3055 excitant,
309 2997 456 3064 accipienda.
496 2999 592 3053 Noster,
615 2998 671 3045 Art.
721 2997 923 3047 videlleiurium.
951 2996 1017 3045 Alibi
1027 2999 1143 3059 concipere
1152 2998 1216 3062 arsur

171 3071 230 3120 Am.
246 3071 275 3121 ii.
293 3073 348 3121 loo.
368 3072 462 3121 Philtra
479 3083 560 3121 nocem
579 3074 670 3128 animis,
721 3082 757 3121 oct
773 3073 809 3120 rel
826 3071 960 3135 excogitare
978 3071 1053 3127 nefus,
1068 3071 1107 3118 vel
1124 3072 1218 3136 excogi-

171 3145 361 3213 vr'mquafuroris
381 3148 470 3196 hubent.
503 3147 599 3196 Confer.
624 3147 671 3195 Ju·
722 3155 798 3194 tatum
809 3145 965 3194 committere.
983 3144 1023 3192 Sic
1034 3143 1113 3193 Cicer.
1124 3145 1179 3193 Cat.
1189 3145 1230 3195 ii.-

172 3219 430 3277 cenomanum
445 3235 498 3285 sqq.
529 3220 595 3268 Talis
610 3219 673 3267 luror
722 3221 746 3268 4.
760 3223 877 3281 concipere
890 3220 977 3277 ecclam
995 3218 1067 3266 Tusc.
1081 3217 1097 3266 i.
1110 3220 1151 3268 ³0.
1164 3236 1218 3270 con-

171 3293 250 3343 tami
266 3293 339 3342 etiam
355 3294 447 3342 uolebat
462 3296 549 3360 ,ηαςίεο
564 3297 614 3341 ritu
630 3309 672 3342 eeu
722 3297 796 3356 cipere
806 3293 924 3357 frauder,
949 3292 1032 3340 Horat.
1048 3292 1084 3340 Π.
1101 3293 1149 3341 Od.
1166 3293 1218 3344 xiii.

172 3368 273 3434 magicis
297 3369 394 3427 artibus,
420 3384 480 3435 quau
506 3377 674 3419 commemorat
723 3369 833 3430 quaidqur'd
851 3368 979 3428 coneipitur
995 3366 1068 3430 nefor.
1110 3367 1157 3416 Sed
1175 3367 1220 3417 hoe

175 3442 277 3500 Pliuim,
292 3442 366 3492 xxxii.
384 3445 421 3492 10.
455 3443 484 3491 In
499 3443 529 3492 iic
543 3445 613 3491 herba
631 3459 672 3507 po·
723 3439 776 3489 loco
796 3443 912 3503 concipere
930 3450 1004 3488 mento
1025 3439 1058 3488 nil
1079 3439 1145 3489 uliud
1166 3441 1220 3499 nisi,

173 3516 291 3566 fflmum
311 3526 336 3566 et
357 3522 469 3574 carmina,
489 3517 576 3583 quibus
600 3516 673 3565 etiam
724 3513 852 3579 auspicem.

173 3593 305 3641 motator.
345 3591 490 3659 Ptopertius,
512 3591 561 3640 111.
581 3592 614 3640 iv.
633 3593 673 3640 25.
756 3590 812 3636 407.
840 3587 1144 3652 (impleam-membra]
1173 3588 1220 3638 Pro

165 3664 230 3714 Non
246 3681 282 3713 me
298 3667 405 3722 minc,
426 3668 464 3714 aad
485 3667 556 3715 herbis
574 3667 674 3727 improba
723 3664 822 3710 membra
842 3678 903 3711 uuus
923 3661 1050 3711 Mediceus
1070 3673 1136 3718 natu,
1156 3662 1221 3728 quod

175 3742 248 3797 victu
265 3744 291 3787 et
306 3736 356 3787 viii.
373 3739 416 3788 23.
436 3739 499 3793 Quid
515 3755 606 3803 queror,
622 3739 674 3795 lca,
724 3744 848 3785 venustum
876 3734 1002 3786 videbatur
1028 3735 1135 3794 Heinsio,
1162 3736 1221 3802 quia

175 3816 359 3862 meamea
374 3815 493 3862 nocuisse?
509 3815 564 3876 quid
579 3813 676 3861 holm?
723 3820 784 3860 nctae
803 3810 906 3860 alumne
923 3811 1069 3860 vocabuntur
1089 3825 1104 3859 a
1125 3808 1220 3859 nutrici·

178 3887 256 3936 Habeo
276 3901 381 3951 magam,
399 3904 456 3952 quc,
473 3896 522 3937 etc.
556 3887 675 3935 lantrude
724 3886 777 3942 bus,
789 3894 814 3934 et
828 3884 866 3933 lue
877 3884 979 3934 vicissim
994 3885 1126 3934 matreuab
1144 3884 1220 3933 ulum·

176 3961 249 4011 fiebat
263 3961 335 4011 etiem
353 3961 384 4010 ad
397 3961 540 4027 depellenda
557 3961 628 4018 mala,
648 3972 675 4010 ut
724 3961 775 4009 nir:
794 3959 884 4025 recepit
895 3975 949 4008 vero
959 3961 1019 4008 colla
1029 3958 1134 4008 seeundo
1148 3958 1220 4007 Pala·

177 4037 335 4093 morbomte.
361 4036 481 4094 libellus,
492 4037 596 4085 1.v.11.
725 4034 784 4083 tino.

209 4110 269 4159 400.
287 4109 359 4167 Reor,
378 4110 511 4177 conjiciam.
541 4111 608 4159 Certe
619 4111 673 4175 scr·
757 4110 813 4157 410.
832 4108 943 4171 Belleia]
967 4108 999 4155 Et
1012 4104 1118 4169 gestibus
1130 4111 1156 4154 et
1168 4120 1219 4154 ver·

178 4192 236 4232 tunc
244 4186 430 4248 dommac.
464 4183 620 4235 calamitates
632 4184 674 4233 tibi
724 4180 1123 4248 bisprectmexprcnitfurorem.
