2774 5004
163 298 233 362 ino
452 252 492 357 n.
516 289 680 358 ovmn
703 290 915 357 nnsonrs
1026 291 1034 301 ·

167 465 267 540 Hinc
278 486 382 538 amor
393 465 586 540 ambarum
596 462 722 560 tetigit
730 463 824 537 rudo
835 471 990 561 pectus3
1006 471 1050 536 et
1060 461 1209 558 aequum

166 579 313 652 Vulnus
330 578 480 676 utrique
497 579 603 652 tulit:
632 578 701 651 sed
719 588 799 652 erat
811 576 950 650 fiducia
967 574 1115 673 dispar.
1142 580 1211 648 720

170 693 347 792 eonjugii
366 705 565 792 pactaeque
582 704 762 791 expectat
780 703 950 790 tempora
965 691 1095 778 taedae,
1254 698 1256 755 !

170 807 494 906 Quamquevirum
507 802 1210 905 putatessesuumsoreereditlanthe.

171 922 277 1022 lphis
290 934 403 1007 amat,
423 946 501 1019 qua
518 946 630 1019 posse
644 921 714 993 frui
733 921 923 1018 desperat,
941 932 982 993 et
999 930 1121 1016 auget

170 1036 256 1110 Hoc
273 1037 395 1135 ipsum
414 1036 595 1123 flammas,
614 1035 796 1131 ardetque
815 1035 853 1107 in
869 1033 1012 1130 virgine
1028 1033 1150 1130 virgo.
1216 1106 1218 1111 .

171 1149 323 1249 Vixque
336 1162 468 1225 tenens
479 1151 668 1225 lacrimas:
690 1158 714 1190 “
727 1149 822 1234 Quis
836 1171 896 1221 me
909 1159 1039 1222 manet
1050 1144 1212 1231 exitus,”

212 1275 216 1281 '
323 1267 455 1363 inquit,
1144 1263 1217 1336 725

173 1387 198 1420 “
218 1379 382 1477 Cognita
399 1403 511 1477 quam
531 1380 634 1466 nulli,
655 1402 769 1476 quam
787 1377 1013 1475 prodigiosa,
1032 1398 1212 1474 novaeque

173 1493 277 1568 Cura
292 1504 397 1567 tenet
410 1493 593 1568 Veneris?
615 1494 645 1567 si
666 1493 716 1565 Dl
733 1492 827 1565 mihi
845 1513 998 1590 parcere
1013 1492 1166 1576 vellent,

173 1605 337 1680 Perdere
354 1607 583 1683 debuerant:
613 1607 645 1680 si
663 1630 737 1679 non
754 1618 794 1680 et
807 1607 964 1703 perdere
977 1605 1134 1692 vellent,
1209 1606 1212 1611 ’

175 1720 356 1795 Naturale
373 1723 512 1796 malum
530 1724 664 1797 saltem
681 1733 720 1795 et
736 1722 785 1794 de
802 1744 905 1795 more
921 1719 1134 1794 dedissent.

175 1833 212 1906 N
215 1858 258 1908 ec
277 1857 429 1909 vaccam
447 1862 583 1924 vaccae,
598 1861 668 1912 nec
682 1859 800 1934 equas
815 1859 918 1910 amor
931 1835 1005 1908 urit
1018 1858 1212 1932 equarum.

178 1948 265 2022 Urit
280 1966 368 2024 oves
386 1952 502 2041 aries;
532 1954 703 2050 sequitur
721 1975 791 2025 sua
806 1949 946 2024 femina
962 1972 1131 2025 cervum.
1146 1954 1212 2023 731

178 2063 242 2135 Sic
260 2075 299 2137 et
316 2088 403 2140 aues
421 2077 579 2155 coeunt;
609 2069 783 2166 interque
802 2065 976 2140 animalia
992 2077 1135 2139 cuncta

179 2177 334 2254 Femina
351 2181 511 2254 femineo
529 2195 702 2281 correpta
718 2181 895 2280 cupidine
907 2181 1012 2253 nulla
1027 2190 1101 2255 est.

179 2291 324 2366 Vellem
338 2296 440 2368 nulla
456 2295 592 2368 loreml
621 2321 668 2371 ne
685 2321 761 2372 non
778 2309 905 2370 tamen
922 2294 1049 2368 omnia
1067 2294 1184 2370 Crete

178 2489 266 2534 roroor,
288 2485 315 2524 ut
332 2476 413 2527 maltis
433 2479 495 2528 bano
514 2480 674 2544 conjecturam
724 2495 771 2528 oon
782 2478 888 2529 offendit.
921 2476 1048 2527 interitum
1063 2476 1133 2542 iobis
1144 2478 1220 2527 lenior

178 2549 283 2614 probsm.
320 2552 387 2600 AEtor
407 2562 486 2601 autern
507 2552 626 2601 interdum
641 2553 675 2602 do
724 2553 813 2602 malum
828 2551 923 2617 judicat
937 2566 1034 2615 aequo
1048 2566 1113 2601 nnnc
1128 2552 1220 2601 labora·

178 2622 281 2685 pueritia
306 2623 408 2685 dicitur;
429 2624 484 2673 vido
504 2623 624 2673 Bronekb·
644 2624 675 2673 ad
724 2626 773 2675 bat.
807 2626 892 2690 linquo
912 2640 962 2673 non
982 2639 1042 2689 opor
1058 2632 1105 2682 ert,
1121 2633 1150 2674 nt
1166 2641 1219 2674 cun

180 2695 287 2760 Propert.
299 2697 320 2746 1.
329 2697 363 2746 vi.
372 2700 413 2747 at.
724 2698 806 2748 multis
823 2700 894 2748 MSS.
912 2697 1012 2762 legatur,
1032 2697 1133 2747 Pomm
1152 2701 1219 2747 daln-

214 2771 270 2820 719.
287 2772 362 2829 Rode,
383 2788 467 2838 expers
487 2771 565 2822 adbuc
590 2772 676 2822 amoris
724 2783 799 2829 aaut,
815 2782 840 2820 et
857 2770 973 2820 deindeo
990 2771 1129 2836 conjectura
1144 2772 1219 2837 Capo-

180 2851 274 2906 proptar
293 2853 388 2892 atatem
407 2860 544 2909 morumque
562 2844 676 2910 simplici·
725 2845 805 2898 terrei.
831 2848 851 2894 ri
876 2862 922 2892 non
948 2860 983 2892 m
1011 2847 1107 2906 prim
1132 2847 1222 2894 nolim.

182 2923 262 2962 tatem.
280 2915 368 2965 Contra
383 2918 477 2966 Phadr.
489 2918 525 2965 11.
541 2917 568 2966 ii.
583 2920 608 2966 3.
626 2935 677 2965 niro
727 2920 870 2983 Quanquam
881 2917 1113 2967 Ovidiruintordum
1128 2928 1220 2967 mtto·

182 2987 364 3043 liornonradis,
376 3005 429 3051 qua
441 2988 512 3037 callet
522 2999 596 3037 artem
612 3005 676 3037 ama·
726 2992 773 3040 tias
798 2991 914 3056 subjicere
937 2990 1005 3051 solet,
1026 3005 1088 3054 qun
1107 2991 1222 3055 manat

181 3059 273 3108 ωτίιω.
291 3060 409 3109 Ceterum
419 3061 503 3109 mirum
511 3070 555 3118 ent,
563 3063 677 3125 virginem
727 3066 823 3114 verbum
839 3063 984 3129 precedam,
993 3062 1067 3126 idque
1082 3062 1161 3129 ipsum
1172 3079 1220 3114 ror·

183 3131 280 3196 virginis
295 3133 477 3181 amorearsisse.
504 3134 678 3199 Tangitntpee-
727 3138 784 3185 bum
795 3135 1074 3201 repeteroinseutentia.
1158 3180 1160 3184 ,

182 3211 229 3259 tus,
239 3219 292 3267 quie
305 3202 330 3252 id
342 3203 466 3262 invadunt,
478 3203 502 3252 in
519 3220 547 3252 eo
564 3205 678 3263 oriuntur,
760 3211 816 3257 729.
828 3209 953 3265 Naturale,
961 3207 1025 3273 quod
1040 3209 1066 3258 in
1084 3225 1162 3260 rerum
1180 3225 1220 3258 na·

184 3290 258 3331 amor,
281 3275 380 3333 invidia,
400 3293 464 3326 cura.
494 3278 567 3334 Tulit,
584 3278 678 3328 inflixit.
728 3289 781 3330 tura
801 3281 905 3330 obvenit.
923 3282 988 3346 opp.
1006 3297 1057 3333 uer.
1071 3283 1130 3332 726.
1149 3285 1221 3344 prndi-

184 3350 300 3411 Equum
318 3349 350 3397 iv.
360 3352 400 3398 62.
411 3368 437 3399 es
453 3368 513 3414 equo
529 3357 601 3416 captis
612 3357 678 3402 ordo·
725 3358 823 3418 giorum,
832 3353 896 3417 quod
910 3363 991 3402 contra
1001 3352 1067 3418 leges
1077 3364 1168 3404 natura
1178 3361 1231 3408 etta

184 3424 239 3470 bont
255 3425 366 3471 mentibus
382 3427 453 3481 amon,
464 3424 533 3472 simili
547 3424 632 3472 amoris
641 3440 677 3473 ar·
730 3428 765 3474 Do
775 3444 843 3481 moro,
854 3427 975 3475 natatum.

184 3495 240 3544 dore
249 3496 350 3560 correpti
365 3505 447 3555 erant;
462 3502 679 3560 porroquoomorir
761 3501 816 3547 730.
838 3499 886 3547 Neo
906 3517 996 3548 ooeoom
1014 3501 1110 3563 vorot]
1128 3500 1220 3564 Magni-

183 3567 248 3633 opud
264 3568 360 3616 Terent.
376 3570 438 3616 Eun.
452 3571 472 3617 1.
482 3570 508 3617 ii.
521 3572 567 3629 123
585 3571 678 3626 Noster,
728 3572 835 3620 tudinem
849 3582 874 3621 st
888 3572 1043 3622 acerbitatem
1060 3574 1118 3622 mali
1132 3573 1169 3622 ani
1182 3574 1221 3622 de·

184 3641 224 3690 rii.
235 3642 291 3688 30³.
300 3643 394 3703 aquator
404 3645 500 3691 arebant
510 3658 599 3705 pacina
606 3645 678 3707 stom-
728 3645 810 3700 clarat,
831 3647 932 3711 primum
955 3662 998 3710 per
1023 3647 1222 3711 comparationem

184 3731 233 3762 uic.
259 3714 303 3760 Sed
323 3724 373 3761 erat
385 3717 477 3778 fiducia
498 3719 582 3777 dirrror.
616 3719 679 3765 Nam
729 3726 777 3765 tam
798 3733 853 3766 cum
879 3719 1020 3767 animalibus
1046 3718 1132 3774 brutis,
1153 3734 1221 3784 quarn

182 3785 250 3851 Iphis
269 3785 392 3835 diffidabat
414 3804 440 3837 se
459 3788 503 3850 riri
521 3791 597 3838 officio
613 3789 679 3854 fungi
729 3805 784 3838 rum
799 3791 937 3839 mulieribus
953 3789 1056 3840 nefariis.
1090 3791 1180 3840 Melius
1189 3803 1223 3840 ta·

183 3859 367 3926 posse31antha
384 3876 439 3910 raro
452 3872 533 3910 eontra
549 3862 637 3911 fidebat
653 3878 678 3912 se
726 3878 791 3919 men,
814 3873 879 3928 puto,
897 3864 948 3913 bae
968 3865 1113 3928 comparatio
1133 3872 1220 3914 resecta

184 3947 281 3982 munera
289 3932 393 3982 mulieris
403 3935 460 3984 tatis
469 3934 594 3984 obituram.
726 3946 796 3985 uret.
834 3937 881 3986 Neo
890 3946 1047 3993 noemmetc.
1065 3937 1136 3986 Cous.
1144 3943 1222 3987 Amor.

179 4043 183 4052 .
216 4007 272 4054 778.
293 4006 401 4063 Perdere,
426 4007 486 4070 ete]
516 4007 562 4056 llic
588 4023 676 4063 versus,
726 4008 747 4057 l.
757 4026 781 4057 x.
793 4011 839 4070 27;
856 4011 911 4060 Art.
922 4010 1003 4058 Amat.
1013 4008 1041 4059 ii.
1052 4011 1113 4057 481.

184 4094 255 4150 quam
271 4079 381 4132 Heinsius
397 4080 499 4146 spurium
518 4080 620 4146 judicat,
639 4096 676 4130 mo
758 4083 815 4133 tat.
830 4085 989 4134 Vallensiutto
999 4082 1101 4147 sororia]
1121 4085 1222 4135 Moron
