2774 5004
350 346 819 415 umentoltrnosltou
844 349 935 416 LIB.
958 350 1029 415 XI.
1154 353 1220 418 Μ

161 518 359 595 Vulnerat
376 531 596 609 armentum,
615 523 824 620 sternitque
841 522 1027 600 hostiliter
1043 547 1166 599 omne.

124 682 131 689 -
163 635 267 712 Pars
284 659 441 734 quoque
457 635 508 709 de
524 637 633 710 nobis
650 636 800 710 funesto
818 637 947 712 saucia
964 662 1103 726 morsu,

169 750 275 825 Dum
293 750 548 838 defensamus,
568 751 643 825 leto
662 763 721 825 est
737 752 848 826 data:
877 754 1059 850 sanguine
1077 755 1168 828 litus

170 864 365 962 Undaque
378 865 498 962 prima
507 866 655 953 rubent,
666 866 946 964 demugitaeque
958 869 1127 964 paludes.
1143 873 1217 943 375

170 980 250 1055 Sed
269 1003 377 1054 mora
392 981 574 1056 damnosa
589 993 660 1070 est,
679 1007 749 1057 nec
768 1008 826 1057 res
845 984 1016 1058 dubitare
1035 983 1202 1059 remittit.

170 1095 275 1169 Dum
293 1105 469 1192 superest
484 1096 640 1195 aliquid,
659 1098 785 1171 cuncti
803 1122 992 1184 coeamus,
1012 1110 1050 1172 et
1068 1121 1182 1183 arma,

169 1212 289 1285 Arma
305 1234 561 1308 capessamus,
579 1214 858 1309 conjunctaque
875 1214 951 1286 tela
968 1211 1151 1300 feramus3

168 1326 332 1403 Dixerat
348 1327 529 1421 agrestis:
557 1351 627 1401 nec
646 1326 763 1402 Pelea
779 1328 917 1401 damna
934 1327 1155 1412 movebant-3

168 1441 263 1528 Sed,
281 1464 425 1514 memor
442 1441 608 1528 admissi,
629 1440 793 1515 Nereida
810 1441 952 1537 colligit
969 1426 1097 1514 orbam
1140 1443 1215 1513 380

168 1557 323 1630 Damna
336 1580 404 1629 suo
419 1555 567 1630 inferias
586 1557 756 1631 extincto
773 1558 922 1630 mittere
942 1555 1085 1630 Phoco.

168 1672 335 1746 Induere
350 1695 454 1745 arma
469 1675 579 1759 viros,
597 1672 835 1771 violentaque
853 1696 1001 1746 sumere
1019 1672 1094 1745 tela

169 1787 259 1863 Rex
270 1788 385 1886 jubet
400 1787 559 1874 OEtaeuS,
577 1812 664 1861 cum
682 1790 768 1886 quis
786 1788 896 1861 simul
914 1789 996 1885 ipse
1014 1786 1172 1884 parabat
1271 1850 1274 1859 .

167 1902 251 1979 Ire:
279 1903 348 1977 sed
362 1901 559 2002 Halcyone
577 1907 715 2003 conjux
732 1905 859 1978 excita
875 1904 1038 1978 tumultu

199 2114 260 2172 ³7⁴.
289 2113 455 2178 Mensarum:
477 2114 508 2164 de
528 2113 573 2163 hoc
595 2115 667 2163 verbo
749 2116 807 2164 387.
819 2112 1145 2175 lndnersomoviros,etc.]
1164 2110 1211 2159 llic

165 2186 222 2237 ride
241 2186 273 2236 ad
293 2187 336 2236 xii.
354 2189 411 2237 ³76.
453 2188 565 2252 Undoqus
584 2193 667 2251 prima.
716 2203 811 2252 quoque
831 2204 906 2235 mores
927 2203 981 2236 suos
999 2187 1114 2235 amabiles
1134 2194 1214 2234 servat

165 2259 238 2319 Quod
255 2267 294 2309 est
309 2258 450 2324 principium
468 2261 666 2326 undarum,qnod
717 2262 795 2327 Ceyx.
828 2263 908 2317 Anna,
924 2261 1026 2324 galeam,
1041 2258 1146 2314 loricam,
1162 2258 1212 2322 cly-

164 2332 222 2382 lira
243 2332 337 2382 lambit.
370 2333 502 2399 Demagire,
519 2334 667 2398 singulariter
716 2350 860 2399 penm,qun
875 2334 1068 2382 vestimentorum
1085 2331 1213 2386 instruis·

166 2406 267 2464 dictura,
278 2406 372 2472 mugitu
381 2407 489 2472 implere.
716 2412 830 2465 durantur,
848 2424 949 2473 namque
966 2407 1039 2455 etiam
1056 2404 1145 2469 clypeis
1164 2404 1213 2451 loro

197 2481 260 2530 876.
278 2481 333 2537 Res,
343 2480 443 2529 vastatio
452 2481 511 2547 lupi.
546 2483 666 2539 Dubitare,
717 2492 759 2531 aut
777 2498 839 2531 ansae
863 2482 988 2529 insertatnr
1008 2478 1110 2527 sinistra.
1150 2476 1211 2533 Telo,

166 2555 268 2606 dulium
282 2555 471 2603 etlluotuantem
484 2556 599 2612 cunctari,
610 2572 666 2606 con·
716 2556 831 2620 gladium,
846 2556 936 2620 jacula,
953 2553 1059 2617 sagittas,
1077 2550 1162 2615 quibus
1179 2553 1213 2598 vis

164 2627 342 2679 ailiaeonserre.
351 2627 666 2693 Remittit,sinit,permittit,
716 2629 821 2678 interior.
856 2629 949 2682 OEtaeus,
964 2625 1022 2689 quia
1036 2623 1163 2671 Trachinia
1177 2621 1213 2670 vi·

165 2702 302 2751 utx.3³0.
319 2701 577 2758 enumeraverat.
594 2705 667 2754 Arsia
716 2703 841 2751 cinaOEtae
858 2701 941 2749 monti.
973 2698 1047 2747 Multi
1064 2697 1211 2745 Masauc-

164 2776 202 2826 hir
211 2774 248 2825 ita
258 2774 315 2840 poni
325 2775 387 2823 solet
396 2774 422 2823 in
432 2775 475 2823 illa
486 2774 585 2824 formula
594 2794 601 2835 ;
611 2777 665 2827 vide
715 2780 774 2832 rius,
784 2775 848 2840 quod
857 2774 986 2838 explicant,
996 2772 1123 2825 sidereum,
1132 2770 1212 2835 splen·

164 2849 300 2900 Heinsium.
319 2848 449 2910 conjurata
456 2865 506 2914 pro,
513 2850 665 2914 conjunctim.
715 2849 811 2898 didam:
830 2849 884 2903 imo,
900 2847 940 2911 qui
951 2846 1089 2900 aetheream,
1100 2843 1211 2892 seil.coe·

197 2925 256 2972 379.
275 2923 403 2978 Neo-sed,
415 2939 461 2971 non
478 2932 535 2979 tam,
546 2939 627 2988 quam,
638 2932 666 2972 ut
714 2924 796 2974 lestern
807 2922 920 2987 originem
931 2921 1017 2970 habet:
1030 2918 1084 2968 vide
1096 2934 1144 2967 ver.
1154 2919 1211 2967 271.

164 2997 486 3046 reeteBurmaunnscontra
495 2996 585 3060 Tanaq.
607 2997 664 3046 Fab.
714 2998 752 3047 Sic
761 2999 888 3046 etiamver.
896 2997 953 3045 445.
962 2998 1061 3044 ellum
1070 2991 1123 3058 capi
1131 2992 1212 3041 debet.

165 3070 208 3134 qni
222 3068 353 3134 corrigitor
365 3069 443 3118 Pelea.
475 3071 582 3126 Admissi,
592 3070 665 3120 eredis
747 3072 803 3118 ³84.
825 3070 868 3116 Sed
892 3069 1012 3132 llslcyone
1036 3070 1127 3129 cmp'ar,
1149 3065 1209 3127 ete]

164 3144 275 3192 fraterna
300 3149 448 3206 perpetrata.
488 3143 579 3200 Nereis,
606 3143 664 3192 Psa-
715 3143 780 3209 Apta
791 3144 843 3192 hnc
858 3142 952 3206 ingenio
962 3141 1086 3190 muliebri:
1104 3142 1175 3187 exciri
1186 3147 1212 3186 et

164 3214 256 3271 inethe,
277 3213 352 3263 Nerei
372 3213 430 3271 filia,
452 3229 481 3263 ex
505 3231 554 3279 qua
574 3218 665 3266 AEaeus
715 3220 809 3266 oscitari
826 3216 938 3263 dicuntur
955 3215 995 3278 qui
1014 3222 1056 3261 ant
1074 3211 1149 3260 vocati
1169 3218 1213 3260 aut

164 3289 273 3337 Phocum
289 3297 411 3352 genuerat.
446 3289 549 3353 Colligit,
563 3289 664 3353 judicat,
714 3290 873 3356 perterrefacti
884 3290 914 3336 de
925 3287 984 3335 sella
997 3302 1041 3335 sua
1051 3293 1147 3350 repente
1157 3300 1211 3349 pro·

164 3361 295 3412 existimat.
324 3361 378 3418 Sao,
389 3361 498 3411 filiosuo.
526 3364 581 3411 Non
593 3363 665 3427 igitur
713 3365 804 3412 siliunt.
851 3363 971 3416 Tumultu,
992 3359 1091 3425 strepitu
1110 3357 1212 3408 virorum

164 3435 282 3486 mentior
298 3434 397 3485 Heinsio
415 3439 499 3484 mmsis
516 3440 561 3492 sai,
577 3437 602 3484 id
619 3446 663 3496 est,
714 3438 745 3486 ad
762 3452 827 3486 arma
844 3433 1041 3483 concurrentium.
1073 3433 1170 3484 Prosilit
1184 3440 1212 3481 ut

163 3510 256 3558 damna
264 3510 424 3565 maeMSS.
435 3508 554 3558 nonnullis
566 3509 663 3558 vetusti·
713 3510 846 3560 Semiramis
873 3509 937 3575 apud
964 3508 1096 3565 Valerium,
1120 3508 1153 3558 ir.
1174 3509 1209 3556 3:

163 3583 247 3631 nribus
255 3581 398 3646 praeferenti.
417 3579 519 3647 liparis,
530 3597 598 3631 sacra
609 3583 663 3631 Diis
713 3592 729 3613 ⁴⁴
742 3586 822 3643 Quum
839 3583 860 3632 ei
878 3582 942 3632 circa
961 3582 1051 3631 cultum
1070 3581 1155 3646 capitis
1170 3597 1211 3630 oc·

165 3655 284 3704 Manibus
292 3653 415 3718 placandis
424 3654 495 3712 lacta,
507 3670 559 3719 quie
571 3655 663 3719 proprie
713 3666 805 3722 cupatn
832 3657 966 3705 nuntiatum
992 3663 1062 3711 esset,
1086 3654 1212 3719 Babylona

163 3728 280 3778 dicuutur
287 3730 351 3777 nitri
360 3737 384 3778 et
386 3728 461 3791 ssm'.
493 3730 573 3787 Quum
586 3730 665 3778 cedes
713 3731 837 3786 defecisse,
847 3731 922 3779 altera
937 3739 1005 3795 parte
1020 3729 1118 3777 crinium
1130 3727 1210 3776 adhuc

164 3801 232 3852 laeta
239 3809 315 3850 morte
324 3810 365 3851 aut
372 3801 458 3866 insigni
464 3801 586 3867 parricida
596 3800 664 3850 clade
713 3805 797 3861 soluta,
808 3803 913 3868 protinus
924 3803 954 3853 ad
965 3818 1017 3851 eam
1029 3801 1210 3867 expugnandam

164 3883 343 3942 compensatur,
353 3875 395 3924 Dii
407 3876 520 3925 dicuntur
530 3875 664 3925 interlecto-
713 3879 830 3939 cucurrit,
847 3893 891 3927 nec
908 3878 972 3942 prius
988 3876 1095 3924 decorem
1112 3874 1210 3938 capillo·

164 3965 218 3998 rem
235 3959 278 3999 aut
294 3949 338 3998 illa
356 3951 444 4000 damna
462 3950 559 4014 {sisenna
576 3954 666 3998 mittere
714 3967 764 3999 rum
778 3952 803 4000 in
816 3952 929 4006 ordinem,
940 3965 1011 4015 quam
1026 3957 1117 3996 tantam
1127 3948 1210 3993 urbem

164 4023 308 4082 interitum
323 4024 409 4073 Horat.
420 4023 456 4073 11.
467 4025 515 4074 Od.
525 4024 542 4072 i.
551 4025 592 4072 27.
601 4025 665 4073 duno
713 4025 738 4072 in
748 4034 888 4090 potestatem
903 4039 970 4072 suam
980 4019 1097 4084 redegit.”
1126 4017 1209 4079 lry'uta

163 4099 279 4146 victorum
293 4107 381 4161 nepeta
394 4097 496 4148 Rettulit
510 4098 606 4167 inferius
618 4098 663 4147 Ju·
713 4097 744 4146 de
761 4098 922 4163 amplexante,
939 4095 1012 4143 etiam
1024 4089 1123 4141 Heroid.
1132 4089 1158 4137 ii.
1167 4091 1209 4138 9³.

160 4172 266 4237 μιτιὴι,
540 4217 542 4223 ,
704 4170 825 4223 Similiter
835 4170 922 4234 offusus
931 4167 1027 4217 isaeo.
1058 4161 1209 4212 Sehirachins

199 4243 277 4294 VOL
290 4243 336 4294 IV.
811 4243 861 4307 Gg
