2774 5004
300 339 374 405 3⁷4¹
497 336 503 344 '
578 334 625 400 P.
647 333 809 401 OVIDII
834 334 1050 401 NASONIS

302 512 396 587 Mox
414 509 547 586 eadem
565 508 731 582 Teucras
743 508 865 583 suerat
878 517 1048 583 mersura
1061 509 1229 596 carinas,
1268 513 1339 606 [tat

302 630 352 705 Ni
368 629 471 727 prius
489 626 527 698 in
541 627 751 724 scopulum3
766 627 832 723 qui
846 649 945 699 nunc
960 649 1117 723 quoque
1133 649 1277 699 saxeus
1288 650 1339 698 ex·

301 742 580 819 Transformeta
592 742 703 816 foret:
722 742 919 840 scopulum
933 765 1087 838 quoque
1102 741 1239 814 navita
1250 742 1338 812 vitat.

351 860 405 933 ΙΙ.
420 858 529 932 Hanc
542 859 608 931 ubi
617 859 789 955 Trojanae
799 860 924 946 remis,
938 858 1168 954 avidamque
1180 858 1340 953 Charyb·

302 975 458 1049 Eviccre
473 986 585 1059 rates,
597 998 715 1070 quum
725 976 806 1071 jam
820 998 938 1073 prope
951 974 1041 1047 litus
1055 974 1246 1047 adessent
1275 973 1340 1068 [din

299 1091 522 1175 Ausonium,
543 1088 705 1188 Libycas
723 1101 836 1164 vento
855 1089 1066 1163 referuntur
1083 1088 1137 1163 ad
1156 1112 1259 1162 oras.
1304 1092 1338 1160 77

301 1207 456 1304 Excipit
472 1205 617 1279 AEnean
635 1205 712 1278 illic
730 1206 932 1304 animoque
950 1205 1158 1302 domoque,

303 1322 389 1396 Non
408 1323 505 1395 bene
522 1321 722 1394 discidium
741 1321 898 1421 Phrygii
917 1323 1037 1395 latura
1053 1321 1199 1406 mariti,

303 1437 476 1512 Sidonis:
506 1436 621 1531 inque
638 1459 735 1534 pyra
752 1437 848 1510 sacri
866 1438 937 1510 sub
954 1435 1122 1529 imagine
1140 1435 1248 1508 facta
1303 1439 1340 1506 80

300 1552 479 1627 Incubuit
495 1550 602 1635 ferro,
621 1552 859 1650 deceptaque
877 1551 1019 1648 decipit
1035 1574 1187 1624 omncs.

300 1669 448 1742 Rursus
466 1689 631 1740 arenosae
647 1664 795 1763 fugiens
813 1691 909 1739 nova
926 1666 1065 1739 moenia
1080 1677 1208 1753 terra,

300 1886 327 1926 nt
340 1876 385 1924 eibi
398 1884 493 1925 caveret
507 1875 538 1923 ab
552 1873 597 1923 boc
611 1882 729 1933 monstro3
746 1875 796 1923 Ho-
847 1873 907 1922 colle
917 1872 1087 1938 Carthaginem
1096 1873 1235 1938 subjectam
1242 1871 1340 1939 prospicit

300 1965 357 1998 mer.
375 1949 423 1997 Od.
441 1953 476 1997 M.
493 1949 614 1996 tls-100.
630 1956 654 1996 et
671 1949 719 1998 245
736 1964 779 2012 sqq
789 1966 796 2008 ;
846 1948 909 2009 (ver.
917 1946 987 2006 tle.)
996 1956 1020 1995 et
1031 1962 1106 2012 quum
1115 1946 1142 1994 in
1150 1946 1340 2009 Junonistcmplu

300 2024 368 2086 Virg.
384 2022 483 2071 Cir-57.
516 2022 564 2070 Sed
581 2024 678 2079 AEneas,
695 2025 797 2072 munitm
846 2021 938 2085 singula
952 2020 1112 2077 lustrareteo
1127 2019 1340 2069 iaceasitDidoSi·

298 2097 330 2146 ab
351 2096 454 2151 Heleno,
473 2096 534 2158 lugit
553 2104 681 2161 conspecte
699 2096 795 2162 Scylla:
846 2098 919 2151 donis,
931 2111 984 2159 que
997 2095 1099 2143 AEneam
1111 2098 1234 2158 eremoque
1247 2097 1341 2157 doneque

301 2169 369 2233 Virg.
381 2171 438 2218 AEn.
449 2167 483 2216 iii.
494 2169 551 2217 out.
846 2172 927 2231 exeipit
938 2167 985 2231 (ix.
995 2168 1051 2216 279.
1063 2168 1165 2215 tlalamo
1182 2170 1299 2231 uniatque
1311 2183 1341 2213 ro·

329 2243 450 2292 75-153.
461 2243 566 2304 Cercopee
574 2252 595 2290 et
604 2243 716 2307 Sibylla]
728 2242 797 2290 Pru·
845 2241 941 2303 clpam)
952 2240 977 2288 h.
989 2257 1011 2291 e.
1020 2241 1098 2306 ipsum
1109 2240 1137 2289 in
1145 2241 1216 2304 regia
1228 2248 1292 2289 tecta
1303 2239 1341 2287 de

300 2333 326 2365 ao
336 2316 397 2382 pede
408 2316 535 2380 Virgilium
551 2316 665 2381 sequitur,
676 2317 719 2365 sed
730 2316 797 2365 labn-
846 2316 889 2370 cit,
899 2314 1025 2363 comitibus
1036 2329 1122 2377 pecora
1130 2313 1264 2378 vinumque
1271 2311 1342 2368 mittit.

299 2391 336 2439 las
353 2390 384 2439 de
405 2390 550 2455 Cercopibue
571 2400 595 2439 et
614 2389 711 2455 Sibylla
732 2390 796 2439 vive·
845 2390 942 2454 epulum
964 2388 1058 2437 iustruit
1079 2387 1284 2444 laudatissimum,
1300 2396 1341 2436 etc.

299 2462 371 2512 citate
399 2462 495 2512 aliunde
523 2463 628 2512 inseruit.
663 2463 732 2511 Hunc
758 2465 797 2512 ubi
848 2462 1096 2527 AEneid.i.630sqq.
1124 2460 1343 2526 Moxcorreptaiu·

301 2537 412 2599 Trq'anq
421 2545 469 2584 etc.
494 2535 567 2584 Radit
578 2535 661 2598 oratiq,
670 2535 734 2585 unde
746 2536 796 2584 xiii.
845 2536 993 2584 aanoAEneae
1003 2550 1092 2589 amore.
1100 2533 1239 2598 adnuptiaa
1246 2535 1342 2582 animun

300 2609 541 2674 wildigrcssaerat.
567 2607 683 2656 Reditum
693 2624 796 2657 commo·
845 2608 965 2669 intendit3
983 2611 1040 2658 AEn.
1051 2609 1084 2658 iv.
1094 2610 1148 2657 init.
1165 2608 1241 2666 Quod
1251 2624 1345 2674 querna

297 2684 355 2733 dum
367 2699 415 2732 ver.
426 2684 465 2730 72.
478 2682 569 2730 Terrore
584 2687 668 2729 carina
682 2683 797 2747 prebent.
847 2683 967 2731 Mercurio
987 2682 1085 2731 edoctus
1105 2690 1169 2730 esset
1188 2684 1291 2739 AEncas,
1306 2697 1343 2730 net

299 2759 404 2812 Avidum,
430 2755 488 2820 quia
513 2755 622 2804 absorbet
649 2770 797 2820 quacunque
846 2756 955 2823 precibus
966 2772 1009 2804 nec
1021 2755 1125 2804 lacrimis
1136 2755 1244 2804 Didonis
1255 2755 1343 2805 retineri

298 2831 496 2896 appropinquant.
513 2830 639 2884 Eviucunt,
648 2836 689 2877 aut
699 2829 797 2879 vincunt
846 2831 931 2895 potnit,
942 2830 1001 2893 quin
1012 2831 1101 2878 abitum
1113 2839 1220 2893 pararet,
1231 2837 1343 2892 noctuque

298 2904 411 2970 pericula,
432 2904 474 2968 qui
497 2918 525 2950 ea
545 2903 676 2965 effugiunt:
698 2920 795 2962 evasere,
846 2905 978 2966 aufugeret.
1001 2904 1053 2950 Hoc
1064 2911 1101 2950 est
1112 2905 1239 2951 discidium
1252 2904 1345 2966 Phrygii

298 2978 361 3042 quod
379 2978 451 3026 babet
468 2993 529 3024 unus
545 2977 636 3025 Sixian.
646 2978 700 3025 MS.
715 2987 752 3025 est
766 2995 796 3027 ex
846 2980 935 3032 mariti,
947 2976 1009 3041 quod
1023 2976 1085 3024 Dido
1096 2994 1142 3024 non
1153 2978 1210 3024 bene
1221 2978 1284 3041 (non
1299 2977 1344 3024 sine

298 3050 489 3116 interpretatione
495 3068 503 3108 3
519 3049 591 3097 etiam
609 3068 647 3098 xv.
660 3052 715 3099 706.
732 3055 794 3100 eoin·
846 3067 938 3098 summo
958 3051 1044 3121 lurore,
1066 3065 1108 3115 per
1128 3050 1267 3111 λιτότητα)
1288 3051 1345 3098 tulit.

297 3144 347 3173 cere
364 3126 473 3189 fretum
495 3124 549 3171 vide
575 3124 738 3173 Burmenuum
765 3125 794 3174 ad
845 3125 935 3172 Furens
951 3123 1022 3187 igitur
1038 3125 1117 3172 dolore
1133 3140 1227 3186 pyrum,
1242 3126 1344 3172 scrobem

297 3200 378 3248 Valet.
390 3200 469 3246 Flacc.
479 3198 514 3245 iii.
526 3199 582 3246 482.
845 3207 1004 3262 superstructa
1020 3198 1135 3260 lignorum
1153 3198 1227 3253 mole.
1238 3199 1298 3246 lacit
1309 3202 1345 3246 aab

330 3275 370 3321 77.
397 3273 494 3334 Libycas
515 3271 651 3334 reseruntur
671 3275 702 3319 od
720 3272 792 3335 oran]
844 3273 943 3335 imagine
959 3275 1027 3328 socri,
1038 3272 1152 3319 simulans
1168 3287 1240 3320 sacra
1257 3275 1346 3337 magica

297 3346 337 3394 ct.
356 3344 440 3407 virgil.
452 3347 509 3392 AEn.
526 3344 560 3392 iii.
575 3346 621 3392 687
638 3362 693 3409 sqq.
727 3345 795 3393 Litus
845 3343 960 3404 Hecetae5
981 3344 1023 3393 sed
1040 3361 1112 3409 quum
1133 3342 1187 3394 sola
1203 3357 1277 3402 esset,
1294 3362 1345 3394 con·

296 3421 378 3481 legunt
387 3418 474 3465 Sicilie
488 3418 590 3466 australe
603 3429 627 3466 et
637 3418 793 3475 occidentale,
844 3418 938 3466 scendit
948 3435 1038 3482 pyram,
1049 3420 1289 3483 irrcumbitqueserro.
1306 3422 1347 3469 Ar-

298 3491 328 3539 ad
346 3491 493 3552 Drepanum,
504 3505 574 3554 supra
591 3491 723 3554 Lilybaeum
740 3508 793 3557 pro·
844 3508 891 3556 que
902 3494 935 3541 ita
945 3495 1036 3552 decepto
1047 3494 1078 3540 ab
1091 3494 1169 3540 AEnea
1179 3496 1269 3555 decipit
1279 3513 1348 3544 mee

297 3564 548 3618 montorium,laciunt
565 3581 696 3621 ascensum,
713 3566 793 3630 ibique
844 3567 924 3626 (lusus
948 3582 994 3614 non
1019 3581 1160 3630 magnopere
1189 3569 1348 3632 probandus)

296 3638 393 3685 moritur
404 3637 529 3685 Anchises.
553 3640 615 3687 Vere
627 3640 682 3687 anni
692 3655 793 3702 sequen·
844 3640 937 3688 Barcen
954 3641 1077 3696 nutricem,
1089 3640 1186 3688 Annam
1204 3658 1310 3692 sororem
1326 3655 1348 3693 et

296 3711 327 3759 tis
339 3708 422 3758 classis
437 3726 450 3756 e
463 3709 545 3759 Sicilia
558 3712 628 3759 solvit
639 3728 717 3761 versus
728 3713 793 3759 Lati·
844 3714 953 3770 famulae,
970 3725 1080 3777 putantes
1097 3730 1150 3762 vere
1167 3731 1238 3765 sacra
1258 3719 1349 3782 parari;

296 3800 351 3842 um;
363 3782 405 3831 sed
418 3791 557 3847 tempestate
569 3785 598 3832 ab
611 3785 683 3832 AEolo
693 3786 707 3833 J
711 3786 794 3833 ononis
845 3788 902 3835 AEn.
912 3787 944 3834 iv.
955 3790 1002 3836 504
1016 3805 1069 3851 sqq.
1079 3797 1103 3835 et
1114 3791 1162 3837 632
1177 3806 1233 3854 sqq.
1268 3793 1345 3842 Cete-

295 3858 404 3925 precibua
425 3858 529 3905 excitata
550 3859 621 3919 (AEn.
639 3857 655 3904 i.
673 3858 704 3904 ³4
723 3859 792 3921 sqq.)
844 3877 895 3908 rum
907 3878 948 3925 pro
957 3879 1016 3924 pyro
1030 3864 1090 3910 socri
1102 3865 1143 3910 raab
1158 3865 1262 3927 imagine
1265 3869 1345 3930 jueta,

295 3950 368 3982 naves
382 3948 463 3979 omncs
475 3932 571 3994 Libycas
581 3934 611 3978 ed
626 3948 676 3977 oras
687 3933 792 3995 reserun-
843 3950 904 3982 unus
920 3935 1044 3983 midensis
1061 3936 1132 3984 babet
1141 3937 1208 3999 ficti,
1227 3941 1295 4001 quod
1312 3957 1345 3987 re·

295 4019 343 4063 tur,
354 4006 396 4055 scd
407 4005 506 4054 diversis
515 4006 727 4070 partibus,AEoeas
738 4008 792 4071 qui-
843 4008 932 4056 feratur
942 4008 972 4054 ad
985 4012 1052 4059 sacri.

295 4084 348 4130 dem
374 4096 428 4129 cum
451 4089 542 4144 septem
569 4079 668 4127 navibus
692 4095 728 4137 eo,
751 4081 792 4129 ubi
875 4084 916 4129 82.
936 4083 1000 4129 Nom
1017 4086 1107 4139 orcrrie,
1124 4085 1219 4142 urbem,
1234 4104 1291 4149 qua
1309 4086 1348 4135 illo

294 4170 356 4204 nunc
372 4153 505 4202 Tuditanus
521 4151 605 4219 unua..
627 4153 743 4217 Egressus
760 4154 791 4204 de
841 4153 892 4219 ipso
909 4164 1011 4220 tempore
1028 4158 1182 4207 condebatur.
1218 4161 1259 4208 Ab
1272 4165 1348 4210 arenis
