2774 5004
171 313 238 382 28⁰
466 309 505 374 Ρ.
532 308 698 374 OVIDII
720 308 936 376 NASONIS

172 488 302 562 Victor
340 485 388 560 ad
422 482 611 581 Evagrum
646 483 936 582 Corythumque
973 482 1221 582 Dryantaque

321 600 466 676 transit.
1151 604 1219 674 290

169 715 202 792 E
220 717 358 815 quibus
376 726 420 789 ut
436 715 558 813 prima
574 723 701 788 tectus
719 713 900 811 lanugine
918 715 1040 789 malas
1208 716 1211 723 '

171 830 382 908 Procubuit
399 831 613 930 Corythus:
635 838 660 868 ‘⁴
680 829 807 904 Puero
824 855 908 928 quae
926 832 1047 927 gloria
1064 832 1148 906 suso

171 949 286 1025 Parta
300 949 368 1023 tibi
380 958 439 1022 est
449 948 487 1022 l'’
516 946 684 1043 Evagros
698 947 772 1021 ait:
794 970 865 1021 nec
878 947 1004 1023 dicere
1017 946 1179 1021 Rboetus

171 1063 289 1138 Plura
306 1063 419 1152 sinim
448 1062 658 1159 rutilasque
675 1061 781 1136 ferox
799 1063 837 1135 in
855 1073 988 1159 aperta
1004 1063 1192 1162 loquentis

169 1179 351 1254 Condidit
366 1202 431 1251 ora
448 1177 528 1263 viri,
547 1199 692 1275 perque
709 1201 753 1251 os
771 1179 809 1251 in
826 1190 993 1276 pectora,
1008 1179 1190 1252 flammas.

168 1295 223 1370 Te
241 1320 409 1394 quoque,
428 1316 527 1369 saeve
546 1293 664 1392 Drya,
684 1294 826 1367 circum
844 1305 960 1392 caput
976 1296 1066 1390 igne
1083 1307 1198 1369 rotato

167 1411 401 1508 Insequitur3
431 1411 498 1484 sed
518 1435 593 1484 nou
609 1411 648 1483 in
666 1423 703 1484 te
723 1433 880 1509 quoque
897 1411 1074 1485 constitit
1089 1411 1185 1486 idem

166 1526 325 1601 Exitus:
355 1526 516 1600 assiduae
536 1549 715 1600 successu
732 1525 848 1599 caedis
866 1538 1056 1614 ovantem,

169 1643 255 1727 Qua
267 1644 400 1740 juncta
417 1652 476 1715 est
493 1641 649 1716 bumero
667 1642 807 1728 cervix,
827 1643 921 1716 sude
938 1643 1024 1738 figis
1039 1645 1187 1725 obusta.

168 1757 372 1853 Ingemuit,
392 1758 564 1854 duroque
583 1758 716 1832 sudem
734 1760 797 1831 vix
814 1783 901 1833 osse
919 1759 1068 1833 revellit
1144 1764 1207 1842 300

169 1870 344 1957 Rhoetus,
364 1883 403 1946 et
421 1872 502 1969 ipse
521 1896 590 1945 suo
608 1872 843 1947 madefactos
861 1875 1046 1971 sanguine
1064 1874 1168 1970 fugit.

167 1985 281 2082 Fugit
298 1997 338 2059 et
354 1986 516 2072 Omeiis,
538 1985 800 2086 Lycabasque,
819 1999 860 2062 et
876 1990 1028 2062 saueius
1048 2013 1151 2062 armo

167 2101 391 2175 Dexteriore
412 2101 567 2187 Medon,
588 2115 731 2178 etcum
750 2103 931 2178 Pisenore
950 2105 1163 2191 Thaumas3

168 2217 321 2314 Quique
340 2217 480 2314 pedum
499 2241 618 2314 nuper
635 2218 840 2293 certamine
858 2220 1000 2293 vicerat
1017 2242 1150 2294 omnes

168 2330 389 2419 Mermeros,
402 2341 561 2430 accepto
578 2357 679 2406 nuno
691 2335 844 2408 vulnere
862 2334 1006 2409 tardius
1022 2336 1124 2422 ibam
1142 2337 1207 2409 305

168 2445 219 2520 Et
231 2445 387 2535 Pholus,
398 2447 654 2534 etMelaneus,
664 2460 702 2522 et
715 2449 819 2522 Abas
834 2451 1020 2547 praedator
1027 2474 1208 2549 aprorum,

168 2561 320 2661 Quique
339 2563 416 2636 suis
434 2561 572 2637 frustra
590 2565 728 2638 bellum
747 2564 979 2640 dissuaserat
996 2590 1119 2662 augur

166 2676 342 2776 Astylos:
362 2679 424 2750 ille
436 2677 550 2751 etiam
561 2680 742 2753 metuenti
753 2683 907 2755 vulnera
923 2681 1062 2768 Nesso,
1097 2679 1210 2779 [cus.'’

167 2800 191 2831 “
209 2792 268 2866 Ne
283 2793 393 2890 fuge3
417 2794 465 2865 ad
484 2792 731 2895 Herculeos,''
744 2796 880 2893 inquit,
897 2807 921 2835 ‘⁴
934 2798 1146 2872 servaberis
1160 2820 1211 2871 ar·

198 3027 254 3074 290.
273 3027 351 3090 Dryas
366 3025 438 3075 etiam
455 3028 485 3076 ab
502 3028 607 3077 Homero
622 3045 652 3077 no
714 3029 833 3078 occurrit:
852 3027 895 3077 sed
911 3028 967 3078 ride
980 3028 1110 3078 Heinsinm
1121 3029 1153 3079 sd
1167 3029 1212 3078 lle·

165 3097 277 3156 minatur,
288 3100 329 3148 ubi
340 3108 377 3149 est
389 3101 483 3165 ποιμὴν
500 3101 579 3157 λαῶν,
592 3110 617 3150 et
634 3104 665 3151 ab
715 3102 774 3152 roid.
792 3103 823 3151 vi.
844 3104 897 3152 104.
931 3103 960 3150 ln
977 3103 1062 3167 lisga·
1080 3104 1166 3154 nostris
1179 3112 1213 3152 eat

165 3173 284 3223 Hesiodo:
298 3174 387 3223 lortiter
398 3183 525 3239 pugnaret
539 3175 588 3224 bic.
614 3177 664 3223 Pa·
713 3178 811 3226 revellit.
845 3175 919 3240 Apud
934 3176 1071 3241 Virgilium,
1086 3178 1176 3242 Georg.
1190 3176 1214 3224 ii.

162 3258 265 3302 erasto.
277 3249 358 3298 confer
369 3265 391 3297 r.
402 3250 482 3314 susq.
714 3251 771 3297 45⁵.
783 3248 880 3298 Rboetus
896 3257 920 3297 et
933 3250 1020 3298 Pbolm
1031 3250 1214 3309 latericiorum

196 3321 405 3385 294.laeqroentir;
420 3340 481 3372 nnus
492 3321 662 3372 llledioeuslo·
714 3323 778 3387 apud
801 3324 915 3372 Nostrum
939 3322 1050 3387 lugiunt5
1077 3341 1136 3375 narn
1160 3324 1213 3374 talia

164 3396 251 3454 quemi.
283 3395 351 3443 'l'uno
367 3397 439 3444 etiam
456 3396 584 3460 legendum
603 3397 663 3446 foret
714 3397 806 3446 varius
817 3398 894 3446 solent
904 3408 990 3462 poetar.
1010 3401 1098 3448 Araus
1108 3400 1214 3450 tribuitur

163 3468 222 3513 viro.
251 3467 351 3530 Ingenio
373 3485 451 3516 rursus
472 3469 591 3517 abutitur:
617 3486 664 3519 me·
716 3469 844 3527 Centauro,
863 3471 920 3534 quia
941 3488 970 3519 ex
991 3481 1059 3537 parte
1080 3489 1160 3539 equor
1175 3480 1216 3522 est·

164 3538 210 3587 lius
232 3540 354 3602 Virgilius,
376 3541 409 3589 ix.
431 3544 487 3589 442.
515 3542 556 3605 qui
577 3544 665 3593 Nostro
716 3545 844 3601 Praedator,
852 3545 875 3593 id
885 3554 931 3601 est,
943 3549 1102 3606 venator3sic
1112 3550 1215 3610 ρηάατὶ,

168 3612 269 3677 praeivit,
280 3630 354 3662 ensem
356 3614 500 3678 fulmineum
516 3615 603 3663 Rutuli
617 3619 665 3664 ela·
714 3634 756 3682 pro
765 3619 854 3676 venari,
863 3629 1001 3685 usurpatur:
1014 3621 1108 3670 vidend
1117 3623 1214 3671 ilibas.

166 3690 285 3735 mentiris
296 3705 333 3736 ore
346 3688 454 3737 Condidit
463 3693 563 3738 αόυιτεο.
746 3694 804 3741 300.
820 3695 911 3756 Astylon
919 3695 949 3742 ab
960 3694 1076 3751 Hesiodo,
1084 3697 1154 3746 Scau
1165 3711 1211 3746 rar.

198 3762 255 3810 297.
275 3763 391 3819 Constitit,
402 3762 465 3811 idem
475 3773 517 3813 aut
527 3764 610 3813 similis
620 3765 665 3815 luit
720 3768 774 3815 185.
785 3766 1027 3831 vocarur'sepoloc.
1053 3769 1121 3828 Quia
1131 3787 1212 3837 augur,

165 3834 197 3892 ei,
214 3837 255 3902 qui
269 3845 340 3885 antea
359 3838 443 3887 tuerat.
476 3839 529 3888 Art.
551 3840 632 3889 Amat.
648 3841 666 3890 i.
718 3842 1146 3909 propterearatioiniaquaedamejus
1155 3860 1214 3894 eom·

169 3913 223 3960 120.
240 3912 348 3961 Gmutitit
362 3917 388 3961 in
402 3915 587 3979 nulla‚quisuir
601 3926 666 3973 onte,
715 3916 867 3964 memoranda
886 3916 954 3965 duxit
975 3927 1056 3981 poeta.
1090 3919 1171 3968 Etiam
1192 3935 1214 3967 r.

166 3986 237 4034 rotor.
719 3989 772 4036 146.
791 4007 869 4054 augur
887 3990 985 4055 quidam
1003 4007 1090 4056 pugnas
1112 3993 1214 4042 interest.

199 4061 258 4108 300.
276 4060 359 4109 Sudem
377 4076 421 4108 osse
437 4062 542 4119 revellit,-
565 4063 663 4127 quidam
714 4061 754 4110 De
774 4063 844 4112 Nem
858 4073 884 4113 et
902 4065 1018 4114 Husuleo
1034 4083 1094 4115 arcu
1112 4068 1167 4116 ride
1183 4067 1215 4115 ix.

166 4135 277 4182 revulsit.-
306 4150 359 4199 qua
381 4133 482 4183 varietas
502 4136 550 4185 lere
574 4137 663 4202 ubique
715 4136 851 4187 lor-133.
