2774 5004
256 281 726 383 nmsnoapnosnou
749 318 840 384 mn.
864 320 934 386 rx.
1077 324 1121 389 oo

62 484 214 584 Erigite
233 488 306 561 huc
325 499 440 576 anus,
459 500 499 563 et
516 489 564 563 ad
582 491 712 564 oscula
728 502 857 566 nostra
872 492 1010 582 venite,

62 601 172 676 Dum
189 604 295 700 tangi
312 628 479 702 possum,
499 629 731 704 parvumque
749 607 909 683 attollite
928 620 1071 683 natum.

62 717 186 792 Plura
202 720 306 816 loqui
324 744 497 818 nequeo:
518 745 606 796 nam
619 724 699 819 jam
718 724 960 819 percandida
977 725 1102 798 mollis

62 833 177 906 Colla
194 834 289 907 liber
306 836 436 934 serpit,
456 861 679 934 summoque
697 839 893 913 cacumine
911 841 1065 914 condor.

62 945 125 1020 Ex
138 948 262 1024 oculis
271 960 459 1026 removete
474 975 625 1025 manus:
641 953 722 1026 sine
738 977 890 1026 munere
901 965 1025 1027 vestro
1039 959 1114 1028 390

62 1063 258 1160 Contegat
274 1066 451 1141 inductus
470 1068 667 1142 morientia
684 1069 826 1142 lumina
842 1070 1012 1142 cortex.’'

62 1178 269 1255 Desierant
284 1182 396 1254 simul
413 1207 478 1256 ora
495 1184 611 1280 loqui,
630 1184 742 1256 simul
759 1207 865 1266 esse;
894 1183 1036 1278 diuque

62 1294 234 1392 Corpore
252 1306 397 1371 mutato
415 1298 508 1372 rami
526 1301 674 1372 caluere
693 1309 875 1372 recentes,
926 1297 1110 1393 [dumque

111 1410 206 1484 VII.
239 1411 417 1509 Dumque
453 1413 566 1486 refert
596 1412 675 1487 lole
710 1413 851 1486 factum
885 1411 1110 1497 miserabile,

61 1524 271 1624 Eurytidos
288 1528 461 1603 lacrimas
479 1530 630 1604 admoto
649 1529 784 1627 pollice
804 1528 922 1601 siccat
1033 1530 1107 1598 395

58 1639 257 1728 Alcmene,
276 1644 342 1718 llet
359 1654 399 1718 et
415 1644 497 1743 ipsa
514 1656 663 1719 tamen:
692 1643 924 1742 compescuit
941 1665 1091 1715 omnem

61 1756 141 1830 Res
160 1782 258 1832 nova
274 1757 485 1848 tristitiam3
515 1785 601 1834 narn
620 1762 747 1836 limine
764 1759 935 1834 constitit
951 1758 1027 1832 alto

58 1871 176 1947 Paene
195 1897 301 1973 puer,
319 1874 512 1972 dubiaque
529 1887 660 1972 tegens
678 1875 854 1973 lanugine
873 1875 990 1948 malas

56 2144 96 2177 sne
116 2127 243 2178 inclinare.
281 2131 344 2180 Duas
365 2135 430 2197 tangi
452 2149 556 2194 porram
607 2134 663 2182 dum
686 2133 826 2191 Pindarum,
845 2151 870 2201 p.
886 2133 919 2182 ix.
939 2132 993 2181 137.
1013 2127 1106 2196 optavit

55 2202 198 2252 vetustiores
212 2204 250 2266 (et
265 2205 337 2254 nostri
355 2204 441 2271 Regii)
455 2217 556 2268 possum,
607 2207 689 2256 eodem
705 2209 812 2264 consilio,
832 2216 860 2256 nt
879 2207 904 2256 in
923 2205 996 2255 vitam
1011 2204 1106 2254 rediret.

54 2292 143 2343 nempe
163 2279 256 2338 osculc,·
280 2279 322 2328 sed
343 2288 439 2345 praestat
460 2288 558 2346 recepta
607 2277 1105 2335 NosterfabulaminintcxnitmtAleme·

54 2351 136 2402 lectio·
606 2370 643 2403 uu
660 2363 684 2403 et
696 2354 753 2402 lolrn
766 2354 920 2403 rnoerentibus
935 2351 1021 2401 solatio
1035 2355 1106 2399 esset.

87 2426 148 2474 330.
168 2423 228 2472 Nuus
238 2429 309 2487 joan,
327 2411 443 2475 Heinsius
460 2424 557 2491 conjicit
607 2427 645 2475 De
664 2427 789 2475 Callirhoe
799 2427 860 2490 filiis
877 2425 957 2474 conler
973 2421 1105 2488 Apollodo-

45 2502 161 2560 jamjam
171 2515 181 2555 ,·
198 2498 241 2547 sed
251 2506 276 2547 et
286 2514 355 2548 versu
367 2501 424 2548 403.
435 2503 556 2561 uamjam.
606 2516 667 2558 rum,
686 2501 735 2549 111.
747 2500 788 2549 vii.
807 2502 830 2550 6.
846 2501 958 2548 Tractare
978 2498 1030 2546 hac
1045 2495 1103 2544 olim

88 2573 146 2622 309.
157 2573 250 2621 Summo
266 2576 384 2621 cacumine
396 2575 497 2630 eosdm
515 2589 555 2622 ca·
606 2583 674 2621 erant
692 2573 715 2621 in
735 2572 907 2628 Alcmaeonidc,
924 2571 993 2634 cujus
1012 2568 1105 2617 Scholi-

53 2661 152 2701 cumen,
165 2661 322 2710 summepere
331 2645 426 2703 arboris,
436 2646 556 2711 ubicaput
606 2657 669 2695 astes
685 2645 805 2712 Euripidis
821 2646 851 2693 ad
863 2647 942 2695 Orest.
953 2644 1009 2692 999.
1020 2641 1102 2689 merni-

52 2727 166 2784 occupat,
177 2734 215 2767 me
229 2718 300 2785 plane
317 2717 398 2767 condit
416 2718 440 2767 in
456 2719 500 2767 hac
518 2735 554 2767 ar·
605 2719 648 2775 nit,
666 2728 690 2768 et
712 2720 736 2767 in
754 2718 880 2767 Stesichori
896 2715 1019 2781 Eriphyla.
1052 2715 1101 2762 Ex·

53 2793 123 2849 bore,
135 2790 398 2857 tanquaminsepnlcro
408 2810 413 2839 :
424 2792 553 2855 ingeniose.
605 2793 687 2841 tabant
708 2793 780 2840 etiam
797 2790 921 2856 Sophoclis
941 2798 966 2837 et
983 2785 1103 2851 Euripidis

53 2866 136 2914 Etiam
151 2881 201 2914 ver.
218 2866 275 2914 ³62.
289 2868 356 2915 ιωιάὶ
373 2864 404 2914 de
422 2864 553 2914 mutatione
604 2865 725 2929 tragoediae
748 2865 778 2913 ab
800 2862 938 2911 Alcmenae
965 2859 1100 2909 nominate.

51 2941 79 2988 in
90 2939 321 3004 arborem‚Propert.
333 2938 381 2987 111.
389 2937 447 2988 xvii.
461 2939 497 2986 16.
506 2941 551 2986 Ar·
604 2939 729 3002 Eurytidos
738 2956 746 2996 ;
765 2938 829 2986 Ioles
839 2934 923 3000 Euryti
934 2935 997 2985 tiliae.

51 3017 113 3062 boris
125 3014 253 3076 infrendes
263 3015 354 3061 condita
366 3011 467 3076 Myrrha
482 3030 551 3062 none.
634 3015 691 3062 390.
709 3013 779 3061 Pane
797 3029 872 3074 puer,
895 3011 975 3058 lolaus
995 3024 1025 3057 ex
1044 3022 1100 3057 senc

86 3088 144 3136 390.
167 3087 203 3135 Es
224 3087 294 3134 oculis
318 3095 425 3135 removete
450 3087 551 3151 morsm]
602 3087 680 3135 denuo
695 3088 847 3153 pubertatem
863 3084 978 3150 adeptus;
995 3081 1100 3149 quotide

51 3159 208 3208 Morientium
218 3158 280 3209 oculi
291 3159 436 3208 clauduntur
452 3160 483 3207 ab
494 3159 552 3208 ami-
601 3175 629 3208 eo
638 3159 835 3225 flagitamquiain
842 3167 913 3208 etate
920 3166 1016 3207 senecta
1024 3156 1101 3204 multa

51 3235 87 3284 cis
104 3233 322 3283 circumstantibus.
362 3233 433 3291 Quod
456 3231 552 3296 pietatis
601 3241 625 3281 et
635 3232 730 3296 egregia
741 3231 845 3280 facinora
860 3230 940 3295 gessit.
974 3229 1053 3276 Dubio
1066 3229 1099 3276 la-

50 3325 135 3357 munes
157 3322 230 3372 quum
249 3316 317 3371 pater
334 3314 359 3355 et
376 3306 462 3371 conjux
479 3307 552 3355 etiam
602 3309 697 3370 urigine,
716 3307 773 3369 qnia
792 3303 881 3367 ambigi
902 3312 1002 3368 poterat,
1022 3310 1100 3350 utmm

51 3383 158 3447 Dryopes
175 3388 286 3446 prestare
299 3380 395 3437 vellent,
414 3379 456 3428 ills
472 3397 552 3428 manas
602 3378 690 3442 lanugo
711 3394 741 3426 an
761 3378 836 3426 barba
857 3385 927 3433 esset,
948 3385 975 3424 ut
991 3375 1024 3424 iv.
1043 3377 1099 3426 399.

49 3473 78 3504 ea
88 3458 163 3504 oculis
172 3471 284 3504 remam
291 3455 368 3520 jubet.
601 3454 671 3500 dulia
687 3469 740 3499 nos.
759 3451 865 3515 lanugo,
877 3467 929 3514 qun
941 3458 965 3497 et
972 3451 1019 3513 stes
1030 3465 1098 3498 voca-

84 3529 226 3579 aet-416.
244 3527 322 3576 Iolaus
335 3527 360 3576 in
371 3527 484 3593 juvenem
500 3542 550 3575 mn·
602 3533 648 3580 tur,
659 3524 698 3573 bic
709 3524 796 3572 dicitur
808 3533 889 3589 tegere,
901 3521 958 3571 alibi
970 3524 1101 3570 inumbrare

51 3612 124 3660 tatur,
136 3604 263 3652 Callirhoes
272 3603 407 3665 autemfilii
417 3601 553 3665 impuberes
602 3606 626 3646 et
636 3601 716 3647 vestire
727 3613 814 3661 genam
831 3597 910 3644 conler
923 3595 989 3658 Virg.
999 3595 1099 3644 AEneid.

51 3679 77 3727 in
95 3677 168 3727 viros.
194 3675 268 3741 Apud
289 3675 372 3742 Eurip.
390 3675 486 3725 Heracl.
503 3676 552 3723 049
601 3671 651 3720 viii.
663 3672 726 3730 160,
744 3669 872 3719 Claudiae.
885 3669 959 3718 Cous.
975 3668 1048 3732 Olyb.
1058 3670 1098 3718 70.

51 3768 107 3817 sqq.
125 3751 206 3799 lolam
222 3766 277 3798 cum
290 3749 423 3814 Eurystheo
433 3757 551 3814 pugnatu-
602 3744 748 3807 Refomsatas
760 3746 849 3805 primus
860 3745 885 3789 in
896 3757 983 3799 annom
1001 3740 1035 3790 ita
1046 3756 1097 3791 tnu-

51 3824 295 3887 rusHebenrogatet
305 3824 467 3878 Jnnonem,ut
478 3837 551 3870 unum
601 3827 673 3875 tatus,
690 3826 716 3866 nt
731 3817 831 3865 haberet
847 3816 952 3864 animum
970 3815 1097 3880 primorum

51 3899 77 3946 in
92 3898 158 3946 diem
176 3896 272 3962 juvenis
289 3895 410 3950 reddatur,
430 3903 454 3944 et
474 3893 552 3944 hostes
601 3907 725 3941 annornm.
759 3890 845 3940 Confer
856 3888 897 3939 vii.
907 3891 970 3939 29³:
988 3887 1061 3937 etiarn
1073 3887 1098 3936 in

52 3971 136 4022 ulcisci
147 3970 229 4036 possit.
260 3968 481 4019 lllicodnarstcllre
498 3984 551 4017 cur·
601 3963 787 4014 xi.254.eodern
798 3963 990 4028 sensurefomset.
1012 3961 1098 4016 Iobus,

42 4046 167 4110 -rumejns
176 4051 261 4107 tegunt
269 4044 371 4093 obscura
380 4043 451 4099 nube,
462 4058 491 4091 cx
502 4058 550 4106 qua
600 4039 699 4105 Iphiclis
720 4036 790 4094 lilius,
808 4037 919 4086 Herculis
940 4031 1053 4100 patruelis
1072 4039 1096 4078 et

50 4119 102 4185 ipse
109 4116 212 4185 juvenili
223 4117 297 4168 torma
307 4115 436 4182 egreditur.
458 4115 549 4164 Secun-
601 4127 688 4162 comes.
