2774 5004
344 336 811 405 METAMORPHOSEON
834 338 926 407 Lm.
950 336 1033 407 XV.
1150 344 1215 410 tor

163 509 347 586 Membra
362 509 443 607 rapi
461 509 609 608 partim,
629 513 765 608 partim
783 535 962 609 reprensa
978 514 1155 613 relinqui,

168 626 272 703 Ossa
285 649 436 721 gravem
450 624 540 698 dare
554 622 673 701 fracta
686 650 833 712 sonum,
844 626 1060 727 fessamque
1072 631 1221 708 videres

169 740 352 817 Exhalari
370 741 544 826 animam,
562 742 764 839 nullasque
781 742 820 816 in
838 767 994 842 corpore
1012 758 1151 844 partes,

169 856 339 931 Noscere
354 879 450 952 quas
466 880 615 953 posses:
633 882 826 955 unumque
840 871 921 935 erat
932 862 1058 937 omnia
1068 864 1217 939 vulnus.

169 972 273 1046 Num
284 984 404 1070 potes,
420 983 486 1045 aut
498 973 615 1047 audes
626 974 726 1047 cladi
740 999 964 1073 componere
978 987 1126 1064 nostrae,
1144 983 1219 1052 530

168 1088 363 1187 Nympha,
384 1090 513 1164 tuam?
538 1089 613 1163 vidi
632 1114 785 1188 quoque
803 1093 887 1165 luce
904 1091 1073 1165 carentia
1088 1116 1217 1188 regna,

167 1204 220 1278 Et
235 1206 402 1279 lacerum
418 1204 490 1280 fovi
510 1205 828 1302 Phlegethontide
846 1231 981 1305 corpus
1000 1207 1039 1281 in
1058 1208 1179 1284 unda:

167 1321 264 1408 Nec,
283 1321 355 1395 nisi
372 1320 582 1420 Apollineae
600 1324 723 1397 valido
741 1324 988 1398 medicamine
1006 1323 1134 1420 prolis,

168 1436 337 1510 Reddita
348 1438 425 1511 vita
436 1437 547 1512 foret:
562 1461 677 1534 quam
691 1450 895 1536 postquam
908 1436 1066 1512 fortibus
1077 1435 1216 1525 herbis,

164 1551 295 1650 Atque
313 1577 385 1650 ope
403 1552 568 1639 Paeonia,
589 1552 679 1628 Dite
696 1554 930 1650 indignante,
949 1552 1088 1650 recepi,
1141 1555 1215 1626 535

163 1669 263 1743 Tum
282 1669 385 1754 mihi,
405 1693 452 1742 ne
472 1694 637 1767 praesens
656 1695 834 1767 augerem
852 1669 1015 1743 muneris
1034 1669 1146 1766 hujus

166 1783 364 1870 Invidiam,
383 1785 522 1858 densas
540 1785 681 1880 objecit
700 1785 867 1882 Cynthia
884 1785 1025 1859 nubes:

168 1898 299 2001 thue
317 1897 433 1973 forem
453 1911 569 1987 tutuS,
590 1923 818 1998 possemque
836 1899 988 1998 impune
1006 1899 1136 1986 videri,

165 2012 326 2088 Addidit
343 2025 507 2101 aetatem,
527 2040 598 2089 nec
616 2015 880 2112 cognoscenda
898 2015 1050 2112 reliquit
1154 2074 1164 2084 ,

167 2129 247 2204 Ora
264 2130 354 2206 mihi
370 2156 378 2205 ε
401 2130 618 2228 Cretenque
633 2132 699 2205 diu
712 2132 897 2206 dubitavit
912 2131 1127 2206 habendam
1140 2134 1214 2205 540

165 2242 359 2331 Traderet,
379 2269 428 2317 an
447 2244 594 2320 Delon:
626 2246 735 2333 Delo
756 2247 949 2344 Cretaque
968 2247 1109 2322 relictis

199 2539 257 2588 529.
278 2538 397 2602 Unumque
411 2544 547 2589 antemnis
559 2543 662 2606 uultum]
713 2543 808 2608 Apollo,
821 2542 944 2591 medicine
960 2541 1076 2589 inventor.
1111 2540 1214 2588 5155.-

164 2610 248 2669 Silius,
259 2629 283 2662 x.
293 2616 350 2664 519.
360 2621 434 2662 “toto
444 2631 539 2679 corpore
552 2617 665 2667 vulnus.”

164 2687 257 2734 Lucsn.
266 2685 300 2733 ix.
309 2688 366 2735 814.
378 2695 394 2715 ‘⁴
403 2688 492 2735 Omnia
499 2688 576 2752 plenis
586 2690 663 2738 Mem·

162 2761 208 2809 bra
221 2760 298 2809 fluunt
311 2761 393 2810 venis:
412 2771 488 2811 totum
503 2772 539 2811 est
554 2778 596 2828 pro
612 2765 664 2812 rul-

164 2835 341 2898 nerecorpus.'’

197 2910 256 2957 5³2
273 2909 305 2957 Et
316 2909 481 2972 laesrnmfoui,
491 2910 552 2974 ete]
572 2911 603 2958 Et
613 2926 664 2959 cor·

164 2998 211 3046 pus
228 2981 344 3031 lsuistum
361 2983 386 3031 in
407 2983 570 3034 ardentissima
592 2984 679 3041 Phle·‚

163 3056 284 3119 gethoutis
294 3071 356 3120 aqua
366 3056 424 3104 lavi.
452 3057 535 3106 Fosers
547 3058 664 3106 notionem

165 3130 237 3179 habet
247 3131 342 3179 omnino
353 3138 426 3194 gratus
442 3130 576 3181 relectionis
587 3149 594 3190 ;
613 3131 663 3180 Pli-

163 3203 227 3260 nius,
239 3221 261 3253 v.
273 3205 318 3268 Ep.
329 3203 361 3252 vi.
371 3205 412 3252 20.
421 3206 525 3266 platanos
537 3207 664 3268 dispergitis

154 3278 232 3340 sonet.
265 3279 318 3325 Hoc
344 3277 396 3326 loco
418 3278 537 3327 abluendo
560 3278 663 3327 reficere.

163 3351 212 3401 Sed
220 3352 322 3401 Ovidius
332 3351 428 3415 ingenio
438 3354 527 3402 abusus
534 3361 580 3402 est.
592 3355 663 3415 Apot-

164 3427 226 3474 tem
251 3427 335 3486 proies,
361 3425 514 3489 AEsculspius
545 3425 664 3490 Apollinis

162 3497 236 3553 lilius,
250 3513 321 3562 quem
336 3498 366 3546 ob
383 3498 538 3563 Hippolytum
553 3497 578 3546 in
592 3499 664 3547 vitem

162 3579 298 3619 revocatum
313 3570 411 3619 fulmine
423 3571 539 3635 percussit
553 3572 568 3620 J
571 3570 664 3635 upiter;

163 3644 260 3693 vidend
271 3644 295 3694 ii.
306 3646 364 3693 64³.
397 3646 445 3708 Ope
457 3647 549 3693 Paeonio
560 3645 662 3709 simplic.

162 3734 208 3782 ope
228 3718 329 3775 medica,
346 3729 373 3768 ut
389 3719 513 3783 Virgilius,
535 3735 586 3767 ver.
608 3720 664 3769 769.

163 3794 262 3841 Paeoutr's
269 3794 352 3842 tertis.
363 3793 445 3841 Alium
453 3793 561 3857 mythum
568 3803 664 3843 secutus

162 3875 200 3917 est
216 3867 336 3923 Horatius,
351 3866 397 3915 IV.
408 3868 456 3917 Od.
466 3868 508 3916 vii.
520 3869 561 3916 25.
574 3882 604 3915 es
616 3883 664 3930 quo

162 3940 277 4007 pudicum
285 3942 398 4005 juvenem
410 3942 495 3990 frustra
505 3939 530 3989 in
540 3939 613 3989 vitam
624 3956 662 3990 re·

164 4029 249 4062 vocare
263 4023 350 4063 conata
364 4023 400 4063 est
416 4015 504 4062 Diana.
538 4014 609 4061 Peon
622 4028 665 4062 no·

163 4103 219 4135 men
236 4087 323 4137 medici
345 4088 409 4154 spud
429 4089 567 4144 Homerum,
584 4102 599 4134 5
617 4103 665 4152 quo

162 4170 260 4212 curatus
270 4162 358 4212 Pluto:
376 4161 435 4227 quin
445 4170 470 4211 et
484 4162 557 4210 Pnan
569 4170 665 4210 rocstur

714 2620 825 2682 dignante
839 2615 913 2665 minui
924 2615 969 2663 sibi
984 2614 1119 2678 imperium,
1132 2612 1214 2662 violari

714 2689 781 2753 regni
793 2689 892 2744 loedere,
905 2704 977 2752 quum
995 2686 1025 2734 ud
1039 2686 1117 2734 lucem
1134 2694 1216 2734 contra

714 2763 751 2813 iss
759 2759 1214 2825 retraheretur,quiStygsjamviderst,

714 2845 740 2885 et
750 2836 862 2901 paludem
878 2835 1023 2883 irremeabilis
1036 2836 1103 2882 node
1113 2832 1213 2882 transie-

714 2919 759 2961 nt.

747 2985 804 3033 536.
824 2984 926 3033 Praesens
946 2983 970 3030 in
988 2980 1064 3041 coelo;
1086 2979 1213 3044 Virgilius,

715 3065 731 3086 “
742 3059 803 3106 'l'um
814 3065 880 3122 pater
891 3056 1045 3121 omnipotens,
1056 3053 1160 3117 aliquem
1174 3053 1212 3101 iu·

714 3132 825 3196 dignatus
839 3132 869 3179 ab
880 3130 969 3179 umbris
978 3128 1105 3177 hlortslem
1117 3126 1216 3176 infernis

714 3206 745 3253 ad
756 3205 847 3253 lumina
857 3218 951 3266 surgere
962 3200 1043 3257 vitae,''
1054 3211 1102 3249 etc.
1121 3199 1215 3248 Aricini

714 3280 849 3334 narrabant,
868 3275 1023 3341 Hippolytum
1041 3275 1066 3322 in
1088 3273 1161 3323 vitam
1177 3289 1215 3321 re·

713 3360 831 3407 vocatum,
843 3365 918 3413 quum
929 3349 1049 3412 ignoscere
1060 3346 1122 3412 patri
1132 3345 1215 3404 nollet,

714 3423 739 3472 iu
755 3423 851 3471 ltaliam
866 3421 969 3477 venisse,
980 3419 1061 3485 ibique
1078 3429 1215 3469 consecrato

713 3497 816 3546 Aricinoe
825 3497 911 3545 Diana
918 3495 1007 3561 templo
1014 3495 1140 3559 regnisse5
1151 3494 1214 3544 Peu-

712 3571 801 3628 sanias,
812 3570 920 3620 Corinth.
932 3588 956 3636 p.
970 3571 1023 3619 173.
1058 3568 1132 3634 Apud
1146 3569 1216 3620 Euri-

713 3645 805 3710 pidem,
826 3646 888 3693 1423
906 3661 961 3710 sqq.
978 3645 1059 3693 Dienn
1076 3643 1214 3693 morientem

713 3719 848 3768 consolatur
858 3718 994 3774 honoribus,
1006 3733 1065 3782 quos
1076 3718 1137 3764 inter
1146 3716 1214 3764 Troe·

713 3793 791 3842 senius
817 3802 987 3842 consecuturus
1013 3791 1053 3839 sit.
1094 3789 1214 3851 Cynthio,-

713 3868 803 3924 Disna,
815 3877 841 3916 ut
853 3867 940 3932 Apollo
956 3865 1081 3929 Cynthius,
1093 3878 1107 3909 a
1118 3861 1215 3924 Cyntho

714 3951 794 3989 monte
805 3940 870 3995 Deli,
881 3941 922 3988 ubi
932 3938 980 3987 nati
989 3948 1052 3986 sunt.

746 4015 802 4062 539.
820 4015 917 4061 Addidit
927 4020 1030 4067 trustem,¹
1047 4023 1086 4056 me
1097 4014 1213 4055 natums-

711 4087 787 4150 joram
805 4087 870 4143 tecit,
891 4099 962 4149 quam
983 4097 1069 4138 essem,
1089 4096 1162 4144 quum
1182 4081 1213 4130 ab

715 4160 783 4223 equis
791 4159 824 4207 lui
833 4159 983 4207 dilaceratus.
