2774 5004
291 336 356 400 424
584 333 622 397 Ρ.
646 331 808 398 OVIDII
833 331 1044 398 NASONIS

288 506 429 580 Gentis
447 505 561 579 habet
579 505 692 590 ritus3
722 505 847 578 animo
865 505 1007 601 majora
1024 504 1158 601 capaci
1313 509 1332 576 5

287 620 476 718 Concipit,
494 631 534 694 et
550 643 636 716 quae
654 619 703 693 sit
721 603 844 693 rerum
862 631 994 694 natura
1011 619 1184 716 requirit.

285 733 411 832 Hujus
430 756 662 819 emorousae,
681 734 813 832 patria,
834 734 1078 831 Curibusque
1094 734 1251 821 relictis,

286 849 404 936 Fecit,
424 860 466 922 ut
484 847 661 923 Herculei
680 860 895 947 penetraret
913 852 960 924 ad
979 850 1138 947 hospitis
1158 851 1303 924 urbem.

286 962 402 1038 Grais
418 963 505 1060 quis
524 962 665 1038 Italicis
684 974 815 1039 auctor
832 965 1022 1062 posuisset
1039 965 1077 1037 in
1095 964 1173 1039 oris

285 1077 429 1152 Moenia
446 1079 640 1175 quaereuti,
660 1078 715 1152 sic
733 1103 755 1153 e
773 1079 981 1153 senioribus
999 1103 1095 1153 unus
1293 1084 1332 1152 10

285 1193 448 1266 Rettulit
465 1191 663 1288 indigenis,
681 1179 819 1267 veteris
837 1217 911 1267 non
931 1192 1071 1268 inscius
1089 1195 1160 1268 aevi
1174 1219 1190 1281 ε,

283 1306 399 1381 Dives
417 1308 465 1382 ab
485 1306 640 1381 Oceano
658 1309 782 1382 bubus
798 1308 894 1383 Jove
910 1317 1021 1383 uatus
1040 1307 1162 1382 Iberis

284 1420 411 1497 Litora
427 1420 527 1495 felici
544 1422 711 1495 tenuisse
730 1420 884 1496 Lacinia
900 1446 1012 1496 cursu

286 1535 431 1620 Fertur,
450 1543 501 1621 et,
520 1547 689 1611 armento
706 1547 854 1610 teneras
872 1545 1019 1611 errante
1036 1559 1105 1633 per
1120 1536 1274 1621 herbae,

285 1649 375 1748 Ipse
393 1650 546 1726 domum
565 1652 704 1748 magni,
724 1675 794 1725 nec
811 1651 999 1749 inhospita
1015 1660 1117 1725 tecta
1134 1651 1314 1725 Crotonis

284 1762 467 1852 Iutrisse,
486 1773 525 1839 et
542 1763 671 1861 requie
689 1765 846 1862 longum
860 1764 1045 1839 relevasse
1064 1766 1255 1854 laborem;
1287 1770 1329 1839 16

315 2013 339 2059 7.
349 2009 428 2073 Hujus
438 2027 506 2066 eure,
517 2010 588 2075 hujus
598 2011 678 2068 studii,
691 2020 717 2061 ut
727 2027 779 2061 ver.
829 2014 948 2059 »salmas
968 2013 1061 2070 reperit.
1098 2009 1185 2059 Veteris
1202 2013 1255 2068 eoi,
1272 2010 1328 2060 snu-

282 2083 325 2132 66.
360 2083 452 2139 Patria,
469 2085 618 2146 Curibusque,
634 2082 719 2148 patria,
734 2083 779 2132 hoc
829 2083 935 2148 quitatis,
946 2082 1048 2132 hhtoriss
1058 2081 1173 2151 ιώςιιο.

281 2153 438 2205 monebas,
465 2154 566 2204 lucare
575 2162 601 2204 et
612 2155 712 2203 Curibus
721 2170 779 2222 cep-
863 2158 901 2206 12.
924 2156 982 2206 Jose
1007 2165 1084 2212 nam,
1106 2154 1234 2213 hercules,
1258 2150 1327 2206 baius

281 2237 357 2279 tatum
365 2243 416 2278 esse
426 2229 456 2278 eb
465 2228 553 2278 Ovidio
561 2229 639 2277 lusura
647 2230 778 2286 ruborum,
830 2230 912 2288 lteris,
922 2229 1039 2295 Geryonis
1052 2229 1176 2295 Hispsnisr
1187 2230 1260 2297 regis,
1270 2235 1329 2281 diras

281 2309 351 2368 putat
360 2302 468 2351 lansius.
496 2300 606 2350 Herculei
617 2302 707 2363 hospitis
718 2304 778 2358 urbs,
828 2304 899 2369 (quie
914 2302 1003 2352 divitie
1020 2302 1068 2351 illis
1085 2304 1233 2368 temporibus
1248 2320 1327 2353 cense-

282 2373 778 2440 Croton,sCrotono,quiHaroslmquon·
827 2374 1328 2440 baronumemdagregtbmasom,

281 2449 338 2497 dem
353 2450 493 2512 hospitalitas
506 2457 640 2512 exceperat,
650 2447 685 2496 sic
702 2447 776 2505 dicta,

282 2532 309 2571 nt
319 2521 404 2570 docent
415 2520 549 2586 sequentis.
570 2519 712 2577 Penstraret,
724 2537 778 2586 per-

282 2593 379 2643 veniret.
412 2594 469 2642 Brut
485 2609 540 2642 sane
559 2594 658 2658 antiqua
675 2593 777 2649 traditio,

281 2667 385 2717 Numen
399 2666 503 2717 Crotona
518 2681 569 2716 csso
583 2668 723 2732 protectum,
733 2667 777 2716 ibi-

281 2755 328 2805 que
344 2739 508 2804 aPythsgore
521 2749 640 2805 precepta
655 2740 778 2804 sapientie

280 2813 425 2876 cognovisse.
459 2813 505 2862 Sed
518 2828 570 2861 seru
584 2813 728 2876 gravissimis
741 2829 777 2862 ar·

280 2886 399 2950 pauentis
419 2885 506 2934 refellit
527 2886 607 2935 livius
626 2887 651 2935 d.
669 2887 732 2942 loco,
753 2895 778 2936 et

280 2965 388 3024 “suopte
406 2959 500 3023 ingenio
516 2969 672 3024 temperatum
689 2961 777 3010 Numer

280 3032 384 3082 animum
391 3032 516 3082 virtutihus
527 3033 598 3083 luisse
608 3038 716 3096 opinatur
724 3050 774 3083 mn·

278 3104 328 3170 giu
339 3104 525 3169 instructumque
535 3122 581 3154 non
590 3112 638 3154 tem
649 3107 777 3172 peregrinis

279 3177 377 3234 artibus,
389 3193 461 3241 quarn
476 3177 600 3243 disciplina
610 3180 775 3229 Sabinorum.”

279 3251 331 3300 Cic.
346 3251 418 3300 Ture.
437 3251 469 3301 iv.
485 3252 508 3300 1.
526 3253 660 3309 arbitratur,
681 3262 776 3317 propter

279 3323 479 3387 Pythagoreorum
486 3324 663 3375 admirationem
670 3327 775 3375 Numam

278 3410 372 3460 quoque
384 3411 470 3458 regern,
484 3398 659 3462 Pythagoreum
671 3415 686 3447 a
697 3408 773 3464 poste·

278 3465 378 3515 rioribus
394 3468 560 3517 existimatum.
594 3472 722 3521 Commode
739 3483 775 3522 ta·

827 2448 869 2498 uhi
877 2448 990 2514 Fsythea,
1000 2448 1116 2512 Geryonis
1125 2448 1216 2506 insula,
1223 2450 1327 2508 veniens

827 2518 927 2570 feliciter
935 2521 960 2569 in
969 2519 1017 2568 illis
1026 2518 1085 2569 locis
1096 2520 1200 2585 appulit.
1232 2520 1327 2570 latisin

828 2595 906 2642 litora.
917 2593 968 2642 Liv.
980 2594 1043 2642 xxiv.
1053 2595 1081 2641 3:
1101 2594 1175 2642 “Sex
1185 2595 1263 2643 millia
1273 2596 1325 2645 siss-

827 2676 863 2716 rat
869 2667 900 2716 eh
907 2667 965 2716 urbe
973 2665 1103 2730 (Crotone)
1113 2667 1194 2717 nobile
1203 2669 1326 2734 templum

825 2740 879 2804 ipsa
896 2741 954 2789 urbe
970 2739 1078 2793 nobilius,
1093 2740 1200 2790 laciniis
1217 2743 1328 2799 Junonis,

825 2822 933 2863 sanctum
943 2813 1052 2862 omnibus
1062 2813 1127 2863 circa
1136 2816 1263 2880 popalisJ'
1288 2818 1326 2866 De

826 2887 982 2951 promontorio
1000 2887 1095 2935 Lacinio
1113 2887 1162 2935 vid.
1179 2889 1284 2947 Plinius,
1294 2890 1328 2938 iii.

829 2962 865 3009 10.
883 2960 1002 3010 Ceterum
1013 2976 1105 3009 summe
1115 2961 1230 3025 religione
1241 2961 1267 3012 in
1277 2963 1328 3012 istis

825 3031 872 3081 oris
883 3032 998 3082 Hercules
1008 3033 1139 3088 colebatur,
1150 3043 1177 3082 et
1187 3035 1265 3083 mults
1276 3037 1326 3100 ejus

825 3114 977 3154 monuments
985 3105 1186 3167 ostendohentur;
1196 3107 1246 3156 rid.
1253 3109 1327 3158 Diod.

824 3178 872 3226 Sic.
882 3178 916 3226 is.
927 3180 976 3238 20;
993 3180 1087 3234 Strabo,
1105 3179 1136 3227 vi.
1151 3184 1286 3245 psg.281;
1302 3192 1325 3232 et

826 3250 953 3315 Dionysius
972 3251 1051 3300 Helie.
1068 3251 1085 3300 i.
1103 3254 1211 3302 39-44.
1228 3255 1272 3319 qni
1290 3271 1326 3304 res

824 3323 855 3371 nh
865 3339 893 3372 eo
902 3323 927 3371 in
937 3323 1009 3372 Italia
1019 3332 1098 3388 gestas
1111 3332 1136 3373 st
1147 3325 1258 3376 fabulose
1272 3343 1325 3376 nar-

824 3404 868 3451 rat,
877 3406 901 3444 et
912 3396 943 3444 ad
953 3396 1024 3444 tidem
1033 3397 1166 3445 historicen
1177 3398 1326 3465 interpretari

824 3478 932 3518 cauetur.
964 3469 1081 3533 inhospita
1092 3481 1159 3520 reeta.
1189 3473 1255 3522 Vide
1266 3475 1297 3523 nd
1309 3474 1327 3522 i.

278 3537 368 3589 meniu
381 3555 430 3586 rem
444 3556 510 3588 suam
526 3543 650 3592 traditione
663 3544 705 3593 illa
719 3560 775 3594 usus
823 3544 880 3591 218.
924 3543 963 3592 De
986 3544 1082 3593 Crotone
1106 3545 1189 3595 confer
1211 3562 1262 3596 ser.
1285 3552 1325 3598 56.

277 3621 314 3661 est
325 3619 401 3676 posta.
823 3616 896 3682 Apud
908 3616 1039 3666 Diodorum
1049 3618 1096 3666 Sic.
1107 3618 1140 3666 iv.
1152 3621 1195 3669 24.
1207 3621 1325 3671 Hercules

308 3687 334 3734 9.
353 3685 427 3733 Graia
443 3688 532 3742 mania,
543 3687 600 3749 quia
616 3688 704 3737 Croton
719 3703 774 3752 pars
823 3689 1008 3755 Crotoni,quern
1018 3691 1155 3755 imprudens
1162 3692 1323 3751 interimeret,

277 3758 376 3810 Grecis)
387 3758 483 3820 Magna
495 3757 518 3805 in
533 3774 562 3807 es
572 3759 648 3808 Italiae
659 3776 708 3818 ore,
719 3777 773 3825 quis
822 3773 999 3812 monumentum
1014 3763 1089 3828 ponit,
1101 3764 1184 3814 addito
1201 3766 1246 3815 hoc
1263 3767 1323 3833 ipso,

276 3833 348 3883 hodie
360 3833 467 3880 Calabria
479 3830 573 3881 dicitur.
590 3835 677 3882 Auctor
685 3840 772 3896 possa·
821 3835 885 3899 quod
898 3836 947 3900 jam
964 3837 1078 3901 sequitur,
1091 3836 1214 3894 vaticinio,
1226 3839 1286 3896 iore,
1297 3851 1326 3890 ut

275 3917 316 3965 set,
336 3904 492 3957 condidisset:
519 3916 599 3956 auctor
619 3907 773 3972 plenitudinis
821 3907 853 3956 ibi
865 3908 994 3972 aliquando
1004 3911 1059 3958 urbs
1069 3909 1195 3967 condatur,
1204 3921 1230 3961 st
1241 3914 1324 3964 sCro-

274 3996 348 4031 causa
363 3979 474 4038 additur;
491 3978 615 4044 Virgilius,
633 3981 729 4030 AEneid.
748 3999 769 4030 v.
821 3987 875 4029 tone
885 3998 969 4031 nomen
981 3983 1067 4031 trahet.
1093 3983 1141 4031 Sed
1152 3985 1284 4036 Heraclide
1292 3988 1324 4036 de

278 4055 316 4104 17.
328 4056 353 4102 St
365 4055 419 4101 mihi
435 4053 528 4115 Jupiter
544 4064 624 4102 auctor·
641 4055 770 4115 Spondeot,·
821 4053 892 4103 Polie
904 4065 1008 4114 auctore,
1018 4057 1069 4122 ipse
1085 4056 1174 4107 emtor
1191 4060 1276 4110 urbem
1293 4062 1323 4110 il·

275 4126 396 4185 Phedrus,
407 4127 467 4191 prol.
480 4128 501 4176 Ι.
513 4129 605 4191 AEsopm
615 4139 694 4177 auctor
704 4146 769 4191 qaam
820 4126 867 4175 lain
879 4128 964 4192 posuit.
