2774 5004
164 334 230 402 tuo
458 333 497 398 Ρ.
521 330 683 400 OVIDII
708 330 922 398 NASONIS

166 508 312 594 Pellor;
341 517 380 579 et
397 508 555 602 antiquo
572 529 756 578 memores
774 506 822 578 de
839 505 996 578 vulnere
1014 529 1143 602 poenas

164 622 296 718 Exigit
311 622 412 694 alma
432 620 581 707 Venus;
609 631 814 715 tantosque
833 642 902 716 per
919 619 998 692 alta
1016 620 1159 692 labores

165 737 332 835 AEquora
349 737 523 822 sustinui,
541 747 665 809 tantos
683 734 924 809 terrestribus
943 734 1074 819 armis,

166 852 222 925 Ut
238 852 329 924 mihi
347 852 476 925 felices
494 852 572 924 sint
587 851 640 923 illi
659 875 760 948 saepe
778 851 913 936 vocati,
1142 853 1203 922 489

165 965 271 1050 Quos
289 967 496 1040 communis
515 966 648 1049 hiems,
663 968 979 1062 importunusque
996 963 1204 1061 Caphereus

166 1078 303 1154 Mersit
319 1081 450 1177 equis3
471 1082 683 1178 vellemque
699 1081 831 1152 horum
849 1102 936 1176 pars
955 1101 1035 1150 una
1049 1077 1204 1151 fuissem.

168 1195 312 1268 Ultima
324 1197 403 1291 jam
422 1195 524 1291 passi
542 1195 698 1268 comites
717 1194 892 1289 belloque
910 1192 1104 1289 fretoque,

167 1309 370 1395 Deficiunt,
389 1310 580 1405 finemque
598 1318 732 1403 rogant
748 1307 908 1380 erroris:
935 1317 977 1378 at
995 1305 1145 1378 Acmon

167 1423 347 1496 Fervidus
365 1423 528 1518 ingenio,
544 1433 625 1494 tum
638 1445 725 1494 vero
743 1432 782 1493 et
798 1421 970 1493 cladibus
991 1443 1125 1517 asper;
1144 1426 1205 1493 485

167 1545 193 1574 “
209 1537 311 1622 Quid
326 1548 511 1634 superest,
523 1537 626 1632 quod
637 1538 717 1632 jam
731 1534 917 1632 patientia
927 1546 1057 1608 vestra
1070 1547 1207 1609 recuset

169 1651 293 1738 Ferre,
312 1651 379 1723 viri
391 1652 428 1723 t”
455 1652 574 1724 dixit:
602 1659 624 1688 “
643 1650 735 1748 quid
752 1651 869 1722 habet
887 1649 1097 1746 Cytherea,
1116 1651 1206 1748 quod

316 1767 415 1838 ultra

167 1880 293 1977 (Velle
312 1880 420 1977 puta)
438 1881 575 1955 saciat?
604 1905 690 1954 nam
708 1881 798 1952 dum
818 1882 948 1977 pejora
965 1880 1158 1966 timentur,

168 1995 240 2068 Est
256 1996 294 2065 in
313 2006 399 2068 vota
415 1996 542 2068 locus:
569 2020 648 2068 sors
667 2005 793 2068 autern
812 1995 878 2066 ubi
896 1996 1066 2091 pessima
1083 2020 1207 2077 rerum,

168 2109 249 2182 Sub
261 2109 422 2205 pedibus
432 2109 544 2182 timor
554 2121 625 2196 est,
633 2133 843 2204 secureque
854 2133 1004 2182 summa
1014 2095 1206 2184 malorum:

167 2223 309 2296 Audiat
326 2223 420 2320 ipsa,
440 2225 548 2311 licet3
579 2224 681 2309 licet,
701 2237 741 2296 ut
758 2223 861 2309 facit,
882 2222 1005 2296 oderit
1021 2247 1155 2296 omnes

169 2338 250 2412 Sub
269 2339 455 2414 Diomede
473 2341 591 2427 vir0s3
620 2339 748 2413 odium
766 2350 892 2413 tamen
910 2339 1012 2412 illius
1029 2365 1162 2416 omues

169 2453 403 2552 SpernimuS,
423 2466 463 2527 et
480 2479 593 2552 parvo
612 2465 687 2526 stat
704 2478 841 2550 magna
858 2455 1028 2551 potentia
1046 2453 1191 2527 nobis.''

167 2569 322 2642 Talibus
341 2569 494 2642 invitam
512 2570 701 2643 Venerem
721 2570 945 2642 Pleuronius
962 2569 1113 2643 Acmon

168 2683 385 2757 instimulat
400 2686 534 2771 verbis,
550 2698 792 2781 veteremque
807 2685 1009 2757 resuscitat
1023 2686 1130 2758 iram.
1145 2688 1211 2757 495

169 2797 284 2871 Dicta
301 2800 454 2896 placent
471 2802 624 2897 paucis:
656 2801 798 2873 numeri
817 2800 968 2894 majoris
987 2800 1100 2873 amici

199 3041 255 3088 479.
267 3040 419 3087 Terrestribur
429 3046 505 3097 armis,
514 3058 567 3089 cum
576 3043 662 3090 Dtuuo
715 3041 809 3094 Procne,
825 3049 870 3088 etc.
909 3043 994 3088 Acmon
1013 3041 1077 3104 apud
1095 3041 1215 3105 Virgilium

166 3113 278 3162 adversus
290 3114 422 3177 Messapios
437 3115 505 3173 latis3
522 3115 602 3162 confer
614 3115 663 3161 An·
713 3130 759 3162 non
771 3113 882 3162 occurrit.
916 3115 998 3175 Asper,
1012 3115 1176 3164 exacerbatus.

166 3188 240 3236 tonitr.
251 3188 353 3236 Liberal.
365 3188 405 3234 37.
443 3188 572 3235 Communis
588 3190 663 3243 hiems,
746 3188 801 3234 489.
821 3187 849 3233 ln
869 3196 928 3242 νοω,
940 3186 1010 3241 votis,
1021 3188 1141 3251 precibus.
1173 3190 1216 3236 snt

167 3269 303 3325 tempestas,
323 3278 372 3310 ver.
392 3263 440 3309 470
461 3279 514 3326 sqq.
535 3262 662 3327 descripta,
712 3263 813 3322 pedibus,
835 3260 912 3307 victus
939 3268 986 3307 est.
1020 3262 1109 3308 Securo
1135 3279 1216 3309 sumus

166 3350 219 3397 quae
246 3334 378 3397 pertinebat
403 3335 433 3382 ad
458 3352 539 3383 ornnes
558 3338 664 3385 Graecos.
714 3336 834 3387 malorum,
845 3333 920 3381 securi
932 3342 986 3380 sunt
997 3333 1107 3382 homines
1117 3334 1148 3383 de
1158 3351 1215 3383 sum·

168 3407 255 3453 Votum
267 3416 345 3453 autem
357 3408 400 3454 hoc
412 3423 536 3456 commune
551 3409 587 3464 iis,
599 3409 665 3473 quie
717 3423 754 3455 mo
770 3406 841 3461 malo,
856 3421 902 3453 uon
921 3406 1024 3470 amplius
1041 3407 1129 3455 timent
1144 3410 1217 3473 majus

166 3478 303 3526 calamitate
320 3481 422 3542 quadam
439 3481 530 3538 emersi,
544 3482 594 3545 jam
611 3498 665 3530 curn
716 3482 821 3538 malum
840 3481 874 3528 sic
885 3497 965 3528 secura
975 3491 1027 3528 uota
1038 3483 1081 3531 xii.
1095 3485 1149 3532 199.

167 3550 215 3598 alia
224 3551 398 3600 conflictantur.
749 3557 805 3602 493.
835 3554 865 3601 Er
884 3571 956 3616 paruo
976 3565 1024 3602 stat
1042 3573 1139 3622 mogus,
1159 3555 1216 3617 etc]

200 3624 256 3670 484.
284 3625 410 3684 Deficiunt,
432 3625 523 3674 animos
543 3628 665 3690 abjiciunt.
717 3627 1218 3691 Utiqueeduodecimnlssrevocsndum.

167 3697 248 3744 Potest
258 3697 368 3758 deficiunt
380 3699 502 3762 explicari,
514 3716 551 3747 me
563 3700 662 3749 derelin·
715 3712 736 3750 et
746 3718 816 3763 paruo
826 3711 871 3749 stat
887 3711 953 3749 tuntu
961 3706 1067 3763 potentio
1087 3706 1148 3752 uobis
1155 3723 1164 3762 ,-
1180 3719 1217 3769 ps-

167 3785 239 3834 quere
250 3779 342 3829 parant.
374 3772 468 3826 Acmon,
479 3773 519 3836 qui
536 3772 604 3828 inira,
618 3789 664 3822 ver.
715 3791 766 3823 rurn
782 3776 863 3824 damni
879 3777 947 3825 nobis
963 3777 1032 3825 affert
1048 3779 1157 3843 potentis
1174 3779 1219 3826 Ve-

167 3843 224 3892 494.
245 3842 330 3890 dicitur
354 3843 489 3891 Pleuronius
514 3860 528 3892 a
549 3846 665 3894 Pleurone
715 3850 793 3910 ueris;
810 3850 1014 3900 videndum:
1032 3861 1099 3901 recte
1112 3853 1221 3902 Heinsius

168 3916 265 3967 AEtolite'
274 3917 339 3972 urbe,
351 3933 423 3980 quurn
435 3917 551 3966 Venerem
560 3929 664 3967 conteru-
716 3923 763 3970 ait:
790 3924 833 3971 hoc
851 3926 909 3981 vult,
925 3926 1000 3973 socios
1017 3941 1074 3973 suos
1092 3927 1222 3992 superiores

167 4000 241 4047 neret,
252 3992 276 4039 in
289 4006 356 4039 avem
367 4005 442 4055 cycno
453 3990 553 4040 similem
563 3992 605 4040 luit
615 4009 665 4042 mu·
716 4012 767 4044 esse
779 3997 842 4045 omni
855 3999 955 4047 Veneris
969 3998 1070 4047 insultu.
1101 4000 1189 4064 Vulgo,
1200 4009 1221 4047 st

167 4073 238 4114 tatus.
271 4064 611 4130 NonnulliscribuntAgmou,·
624 4067 666 4114 sed
716 4088 798 4133 magno
819 4082 864 4120 stat
890 4090 982 4139 magus,
1004 4073 1077 4123 utin
1101 4073 1222 4123 codicibus

167 4136 260 4186 Acmon
268 4137 379 4186 Groecum
390 4146 426 4186 est
436 4154 520 4188 nomen
531 4149 557 4188 ut
568 4141 666 4203 Cycnus,
718 4143 812 4208 Regiis.
