2774 5004
292 335 358 402 228
586 331 625 394 P.
653 325 815 394 OVIDII
839 322 1052 392 NASONIS

295 506 391 582 Fata
408 507 555 579 sinunt:
578 502 778 598 Magnetas
794 499 875 574 adit
891 521 1009 593 vagus
1027 494 1131 580 exul,
1151 505 1191 567 et
1208 493 1285 569 illic

256 670 268 689 ·
296 622 422 696 Sumit
439 621 487 694 ab
507 617 704 691 Haemonio
721 613 943 714 purgamina
959 609 1075 685 caedis
1093 609 1251 681 Acasto.

344 735 458 809 Vlll.
480 734 632 808 Interea
647 732 849 827 fratrisque
866 729 936 814 sui,
955 726 1187 822 fratremque
1205 723 1332 797 secutis

294 852 420 927 Anxia
437 850 616 949 prodigiis
633 849 804 922 turbatus
822 854 976 943 pectora
993 842 1117 938 Ceyx,
1270 841 1330 911 411

298 966 482 1040 Consulat
499 975 543 1036 ut
560 986 697 1047 sacraS,
717 960 910 1033 hominum
928 954 1196 1039 oblectamina,
1211 965 1331 1039 sortes,

215 1110 217 1116 ’
295 1081 358 1155 Ad
370 1079 536 1154 Clarium
551 1086 658 1175 parat
671 1078 723 1150 ire
739 1075 884 1148 Deum:
906 1097 992 1147 nam
1009 1071 1154 1169 templa
1167 1069 1333 1168 profanus

298 1194 405 1268 Invia
422 1217 508 1268 cum
527 1192 709 1288 Phlegyis
727 1189 915 1264 iaciebant
934 1187 1122 1285 Delphica
1139 1185 1320 1259 Phorbas.

296 1433 328 1490 ei,
340 1435 381 1498 qui
393 1433 468 1489 crede,
479 1431 596 1481 adulterio
608 1429 728 1494 similique
738 1428 796 1477 iaci·
847 1435 886 1475 tur
902 1426 1008 1475 homines
1025 1426 1050 1474 in
1063 1424 1142 1481 malis,
1154 1424 1244 1490 quibus
1256 1422 1335 1489 pellunt
1377 1488 1379 1497 Ι

297 1522 353 1555 nore
362 1522 387 1555 se
401 1507 525 1571 polluerat,
536 1504 609 1553 sacris
619 1503 731 1552 interesse
740 1503 796 1549 lice·
847 1501 961 1548 malorum
979 1498 1108 1548 molestias.
1129 1499 1163 1548 V.
1175 1497 1249 1546 Trist.
1264 1495 1302 1544 xii.
1319 1496 1336 1543 l.

296 1581 348 1636 bat,
366 1588 408 1628 sut
424 1579 514 1644 templa
531 1578 606 1633 adire,
625 1576 668 1625 nisi
685 1576 798 1624 lustratus
847 1575 958 1622 oblectare
983 1575 1058 1621 studio
1086 1572 1230 1620 herimahls
1255 1579 1337 1630 tapes

298 1659 369 1702 antea
386 1662 456 1708 esset,
472 1667 525 1716 quas
542 1651 651 1698 lustratio
667 1664 730 1713 aqua
744 1649 798 1695 viva
848 1646 915 1695 Male
930 1645 1001 1710 igitur
1014 1655 1039 1694 et
1055 1645 1172 1693 Heinsius
1185 1660 1217 1692 es
1231 1659 1279 1691 uuo
1291 1643 1336 1691 MS.

298 1735 340 1775 aut
357 1726 457 1782 marina,
472 1725 593 1790 sulphure,
605 1725 700 1771 flamma
715 1723 797 1770 fiebat.
848 1720 943 1769 Sittiano
953 1720 1047 1783 praefert
1057 1720 1142 1765 homini
1154 1715 1338 1779 iactatuque

297 1799 433 1848 &cundum
452 1798 510 1847 alios
526 1798 563 1846 bis
578 1796 666 1845 Peleus
681 1796 794 1844 lustratus
848 1793 945 1842 oracula
957 1792 1115 1856 hominesspe
1125 1807 1190 1839 vana
1200 1788 1338 1845 lactaverint,

298 1881 341 1928 est,
359 1881 452 1937 propter
474 1870 550 1918 fratris
566 1869 656 1917 cadem
673 1870 703 1917 ab
720 1870 795 1933 Eury·
845 1867 911 1930 (quis
928 1866 990 1914 enim
1010 1865 1102 1922 credat,
1119 1864 1198 1913 ridere
1217 1864 1242 1912 h.
1252 1864 1272 1912 1.
1288 1863 1338 1911 Ovi·

298 1946 369 2000 tione,
396 1954 429 2000 et,
456 1945 584 2008 Eurytiona
611 1942 741 1999 interiecto,
765 1943 795 1992 ab
844 1940 911 1988 dium
921 1940 1018 1987 oracula
1026 1939 1126 1987 voluisse
1135 1940 1158 1999 l)
1167 1946 1193 1987 et
1202 1938 1264 1985 Tan.
1272 1937 1339 1986 Faber

299 2021 389 2074 Acasto,
407 2017 467 2065 Iolci
483 2031 545 2081 rege.
567 2016 733 2080 Apollodorus,
747 2017 795 2064 111.
845 2012 965 2068 emendat,
978 2014 1096 2067 misniam
1106 2019 1226 2066 metuens,
1236 2018 1265 2058 ut
1278 2013 1339 2058 stirs·

300 2089 351 2140 xiii.
363 2093 374 2138 l
388 2107 424 2154 sq.
846 2091 932 2135 tamisa
952 2086 1010 2134 satis
1025 2102 1054 2133 ex
1069 2085 1188 2148 dignitate
1199 2085 1341 2133 oraculorum

333 2161 797 2225 ilo—748.CeyretHoteyons.Conl.
846 2161 936 2208 dictum
947 2159 987 2208 sit.
1021 2159 1152 2206 DeClsrio
1164 2156 1342 2207 Dsovidesdi.

299 2236 419 2300 Hyginus,
433 2236 482 2285 sab.
500 2237 540 2284 65.
556 2244 580 2284 et
597 2236 716 2284 Lucianus
728 2236 798 2285 Halc.
847 2236 904 2283 515.

300 2317 360 2356 tom.
370 2309 388 2356 i.
399 2327 423 2374 p.
434 2310 489 2358 129.
502 2308 543 2374 qui
559 2309 656 2357 eosdem
670 2324 724 2357 cum
736 2309 798 2356 Nos·
879 2308 937 2354 414.
965 2306 1079 2370 Phlegya,
1104 2321 1164 2370 gens
1191 2304 1343 2355 Orchomeni-

300 2389 337 2430 tro
359 2390 466 2431 auctores
486 2383 560 2430 secuti
582 2381 700 2441 videntur,
721 2398 798 2445 quan·
846 2396 923 2435 orum,
934 2389 959 2428 et
969 2380 1057 2428 strenui
1067 2388 1135 2428 erant
1144 2380 1275 2429 bellatores
1285 2379 1343 2444 (ilo-

302 2470 375 2518 quam
389 2455 472 2520 paucis
485 2470 534 2502 rem
548 2453 676 2518 attingunt.
708 2454 758 2501 Alii
775 2455 800 2502 in
848 2471 935 2511 merus,
954 2455 984 2503 ΙΙ.
1002 2459 1035 2503 N.
1050 2455 1121 2515 301.)
1138 2465 1163 2502 et
1185 2454 1295 2504 homiues
1311 2454 1344 2502 ia·

299 2527 380 2575 multis
390 2527 539 2576 dissemiunt.
561 2526 619 2575 Vid.
630 2526 798 2591 Apollodorus,
849 2527 998 2577 solentissimi
1025 2537 1097 2591 atque
1124 2528 1282 2591 rapacissimi,
1308 2527 1345 2592 qai

300 2599 322 2647 I.
333 2600 374 2648 vii.
386 2601 508 2658 4;Schol.
521 2600 617 2650 Homeri
626 2600 656 2648 ad
668 2601 698 2648 Il.
709 2601 799 2658 i.5oa;
849 2600 968 2665 Apollinis
983 2600 1043 2650 adeo
1053 2600 1166 2665 Delphici
1182 2602 1296 2665 templum
1313 2602 1346 2650 di·

301 2672 381 2721 Schol.
396 2673 570 2737 Aristophanis,
587 2691 612 2738 p.
630 2675 694 2732 552;
719 2673 799 2722 Schol.
850 2674 980 2739 ripuerunt.
1013 2675 1075 2722 llinc
1102 2691 1186 2723 omnes
1212 2676 1347 2725 fulminibus

239 2803 251 2813 .
301 2745 420 2794 Theocriti
439 2747 470 2794 ad
487 2746 525 2794 Id.
541 2746 581 2794 vii.
595 2746 640 2805 57;
656 2747 752 2794 Taetzes
769 2746 799 2795 ad
850 2748 934 2804 missis,
955 2757 1022 2796 terrae
1044 2749 1147 2796 motibus
1165 2759 1192 2796 et
1213 2750 1346 2814 pestilentis

302 2819 489 2883 Lycophronem.
499 2837 525 2885 p.
538 2821 585 2879 693
600 2821 695 2868 servius
706 2820 798 2868 adVir-
850 2823 967 2886 absumpti
986 2830 1051 2869 sunt.
1085 2824 1219 2870 Pausanias
1234 2825 1314 2872 Boeot.
1325 2840 1347 2888 p.

302 2891 394 2954 gilium,
416 2893 505 2954 Georg.
522 2893 539 2941 i.
557 2895 619 2942 ³99:
638 2894 747 2941 Lutatius
769 2893 799 2941 ad
851 2897 907 2943 732.
937 2896 1044 2951 Phorbas,
1055 2911 1102 2943 non
1113 2896 1282 2959 Arginusille,
1293 2896 1348 2961 Argi

301 2963 413 3019 Statium,
430 2964 550 3014 is.Theh.
565 2968 621 3014 361.
654 2966 733 3013 Etiam
751 2966 799 3015 He·
849 2968 921 3023 filius,
941 2970 1008 3032 cujus
1030 2977 1130 3016 stemma
1151 2970 1287 3018 Pausanias
1303 2972 1347 3020 eo

302 3035 383 3085 siodus
398 3037 450 3085 htec
469 3039 548 3087 forsan
565 3049 720 3087 tractaverat:
738 3050 801 3090 certe
850 3043 922 3091 rinth.
940 3060 963 3106 p.
977 3045 1031 3091 tto.
1046 3052 1071 3090 et
1086 3043 1164 3091 Schol.
1180 3044 1304 3109 Euripidis
1319 3045 1346 3093 sd

303 3110 443 3168 Athenaeus,
453 3112 477 3161 ii.
487 3128 512 3176 p.
524 3115 563 3161 ts.
574 3128 670 3161 carmen
684 3114 735 3177 ejus
750 3115 800 3162 lau·
851 3117 930 3164 Orest.
948 3132 997 3163 ver.
1019 3117 1076 3164 930.
1095 3117 1219 3173 exhibent,
1240 3119 1262 3165 is
1289 3119 1347 3166 euim

303 3182 345 3230 dat
352 3183 450 3244 Κήῦκος
461 3185 541 3250 γάμος
552 3185 699 3251 inscriptum.
717 3188 802 3235 Noster
852 3189 969 3252 antiquior
977 3189 1115 3252 Ceyce,sed
1124 3190 1346 3240 hauddubiePhor·

302 3259 424 3306 exornavit
439 3260 501 3307 hanc
515 3260 621 3309 fabulam
638 3260 803 3324 copiosissimis
852 3262 894 3309 has
912 3262 1020 3318 Olenius,
1038 3263 1112 3326 Csyci
1133 3264 1243 3327 aqualis,
1263 3266 1305 3331 qui
1325 3265 1348 3314 is

303 3331 459 3394 tempestatis,
471 3334 560 3391 Somni,
571 3334 681 3399 Morphei
698 3334 801 3399 descrip
851 3352 931 3402 pugna
943 3336 1096 3400 Lapitharum
1107 3337 1168 3385 infra
1179 3338 1222 3386 sii.
1232 3340 1292 3386 322.
1302 3356 1349 3388 me·

306 3400 417 3450 tionibus.
461 3405 492 3452 Et
514 3405 592 3452 estin
612 3406 802 3454 elaboratissimis
852 3419 963 3457 moratur.
1000 3409 1123 3474 Prrffanos,
1135 3419 1286 3477 contemptor
1302 3414 1350 3462 De·

305 3474 376 3537 hujus
386 3475 463 3539 operis
477 3477 591 3541 partibus,
602 3478 626 3525 in
641 3481 727 3542 quibus
737 3480 802 3529 Aue·
852 3497 926 3538 orum,
937 3483 979 3546 qui
996 3498 1042 3530 non
1058 3483 1127 3531 modo
1143 3485 1226 3534 obvios
1241 3488 1350 3550 cogebat,

304 3554 340 3596 tor
354 3547 393 3596 vel
411 3550 512 3597 maxime
528 3551 650 3614 ingenium
668 3553 802 3601 ostentavit.
853 3565 879 3603 ut
889 3557 996 3620 pugilatu
1006 3572 1087 3605 secum
1095 3565 1221 3615 certarent,
1228 3561 1349 3626 victosque

304 3619 384 3683 Elegit
404 3622 553 3670 traditionem
579 3638 641 3678 eam,
665 3639 719 3688 qurc
740 3624 803 3689 ipsos
852 3630 1014 3686 necabat,sed
1030 3630 1095 3678 Deos
1112 3630 1172 3679 adeo
1189 3631 1253 3696 ipsos
1268 3650 1350 3698 provo·

304 3694 464 3742 commendat.
488 3695 617 3745 Consilium
626 3697 721 3761 Ceycis.
744 3700 801 3748 Mu·
852 3702 928 3750 cando
954 3703 1095 3751 lacessebat.
1136 3705 1239 3753 Occisus
1261 3716 1299 3754 est
1320 3708 1349 3755 ah

305 3767 364 3814 tatio
385 3768 462 3815 fratris
480 3768 504 3815 in
521 3771 658 3834 accipitrem
677 3778 739 3830 (ver.
753 3775 799 3821 291
853 3775 973 3838 Apolline.
989 3776 1068 3824 Schol.
1082 3777 1153 3824 Hom.
1165 3775 1195 3824 ad
1208 3777 1240 3826 Il.
1250 3784 1286 3828 Ψ.
1297 3780 1352 3828 660.

305 3840 373 3904 sqq.)
390 3848 415 3889 et
431 3842 502 3905 paulo
519 3852 572 3906 post
589 3843 659 3907 lupus
680 3846 745 3893 Pelei
766 3862 803 3894 ar·
853 3847 955 3904 lnoirrm,
968 3849 998 3896 ad
1009 3849 1073 3913 quod
1085 3850 1122 3897 via
1134 3866 1181 3898 non
1191 3859 1255 3900 tuta.
1283 3853 1352 3900 Dixit

306 3923 388 3961 menta
402 3914 522 3963 trucidans
533 3915 579 3965 vim
591 3916 748 3981 prodigiorum
760 3918 802 3967 ha·
845 3921 975 3985 sociabunt,
991 3924 1049 3988 quia
1062 3924 1157 3988 prefert
1172 3925 1299 3991 pluralem,
1311 3928 1352 3976 ubi

305 3985 803 4053 bebaot,quibusturbatus,perterret‘actus
853 3995 883 4043 de
899 3996 1006 4060 pluribus
1020 3997 1097 4060 agitur
1114 4014 1155 4063 per
1168 4017 1221 4048 cam
1237 4002 1353 4065 conjunc·

307 4057 375 4122 Ceyx
384 4059 520 4125 Apollinem
531 4062 663 4111 consultum
674 4063 731 4112 abit.
753 4065 802 4113 Ho-
853 4066 900 4126 tis;
927 4069 980 4119 vide
1000 4070 1018 4120 i.
1039 4072 1098 4119 32⁰.
1123 4071 1206 4136 ibique
1232 4073 1352 4124 Burman·

307 4134 395 4182 minum
410 4136 567 4193 ohlxtamiao,
578 4136 664 4201 quibus
681 4137 803 4189 ohlectsn-
853 4157 918 4190 num.
