2774 5004
162 309 228 395 aaa
454 323 500 390 e,
518 319 680 391 ov1n11
704 321 916 389 Nasoms

167 499 241 575 Hic
258 499 397 598 posuit,
414 517 629 592 nomenque
642 496 766 584 simul,
783 493 886 594 quod
899 493 1023 593 possit
1031 519 1198 594 equorum

163 616 429 702 Admonuisse‚
444 615 557 712 jubet
573 613 782 711 deponere:
812 611 1002 710 “Quique
1019 611 1123 686 luisti

165 731 411 831 Hippolytus,
430 730 539 816 dixit,
559 752 659 802 nunc
677 729 777 802 idem
795 726 951 801 Virbius
968 728 1091 801 esto.”

166 845 253 919 Hoc
271 870 404 919 nemus
422 845 510 918 inde
527 845 623 930 colo,
642 844 691 917 de
711 843 857 940 Dlsque
875 843 1084 917 minoribus
1101 865 1190 934 unus

165 961 333 1036 Numine
351 962 421 1035 sub
440 960 601 1035 dominae
619 960 731 1045 lateo,
750 968 866 1056 atque
884 981 1094 1032 accenseor
1110 958 1170 1031 illi.

216 1077 304 1152 Non
320 1088 448 1151 tamen
467 1075 614 1172 Egeriae
632 1077 756 1149 luctus
774 1075 897 1148 aliena
914 1075 1041 1147 levare
1143 1075 1203 1147 547

55 1188 58 1195 ’
166 1193 317 1267 Damna
332 1193 471 1278 valent,
491 1192 707 1288 montisque
721 1193 853 1287 jacens
872 1188 1064 1263 radicibus
1082 1187 1165 1262 imis

166 1309 340 1407 Liquitur
357 1309 396 1381 in
412 1308 607 1382 lacrimas:
636 1309 769 1392 donec,
790 1307 929 1404 pietate
947 1305 1114 1379 dolentis

166 1424 287 1512 Mota,
304 1449 408 1498 soror
418 1424 554 1499 Phoebi
569 1423 737 1521 gelidum
749 1424 798 1496 de
811 1445 967 1519 corpore
979 1420 1127 1494 fontem
1144 1422 1207 1493 550

163 1540 285 1627 ¹Fecit,
304 1551 344 1614 et
360 1550 520 1614 aetemas
538 1551 641 1615 artus
659 1538 827 1613 tenuavit
844 1538 882 1609 in
899 1537 1036 1610 undas.
1087 1538 1206 1631 [natus

216 1655 287 1729 lV.
313 1655 366 1729 At
386 1655 585 1754 Nymphas
602 1655 729 1750 tetigit
747 1677 845 1727 nova
860 1677 949 1742 res:
966 1663 1006 1725 et
1024 1651 1209 1725 Amazone

166 1770 281 1844 Haud
300 1771 408 1845 aliter
421 1772 579 1870 stupuit,
595 1794 709 1867 quam
727 1795 845 1868 quum
859 1769 1081 1868 Tyrrhenus
1096 1781 1210 1842 arator

167 1885 337 1961 Fatalem
355 1887 504 1982 glebam
522 1888 656 1961 mediis
674 1888 824 1987 aspexit
841 1887 880 1959 in
897 1887 1008 1972 arvia,

167 2000 312 2099 Sponte
325 2026 394 2075 sua
403 2002 577 2099 primum,
590 2004 769 2100 nulloque
780 2003 959 2099 agitante,
972 2000 1130 2086 moveri,
1144 2004 1210 2074 555

166 2115 326 2188 Sumere
342 2139 432 2188 mox
448 2117 622 2204 hominia,
641 2130 827 2216 terraeque
844 2119 1018 2192 amittere
1035 2115 1202 2201 formam,

167 2229 323 2327 Oraque
338 2231 505 2304 venturis
523 2233 668 2330 aperire
686 2234 851 2308 recentia
867 2233 964 2306 fatis.

166 2345 360 2442 Indigenae
378 2346 509 2421 dixere
525 2347 670 2445 Tagen,
689 2351 754 2446 qui
773 2349 915 2447 primus
935 2347 1139 2422 Etruscam

166 2461 333 2537 Edocuit
349 2472 499 2557 gentem
520 2488 629 2538 casus
647 2466 791 2564 aperire
808 2465 968 2538 futuros.

216 2576 264 2651 V.
295 2577 423 2675 thue
442 2579 626 2654 Palatinis
641 2582 845 2655 haerentem
861 2579 1021 2654 collibus
1038 2579 1129 2651 olim
1142 2581 1213 2652 560

198 2749 256 2796 542.
274 2748 321 2797 Hic
341 2752 423 2810 pauit,
443 2750 504 2812 etc]
534 2749 662 2814 Virgilius:
748 2753 804 2801 550.
817 2749 1138 2811 Gelidumdccorpore,ctc.]
1152 2749 1213 2811 Ege·

165 2825 183 2850 ⁶'
192 2821 227 2868 At
236 2820 316 2868 Trivia
326 2822 483 2886 Hippolytum
494 2823 592 2871 secretis
602 2825 666 2872 alma
715 2825 750 2872 ria
760 2826 811 2872 lons
821 2834 845 2872 at
856 2824 923 2872 lucus
931 2822 961 2870 ad
971 2821 1078 2869 Ariciam
1086 2831 1130 2870 est.
1148 2822 1216 2876 Fons,

165 2893 272 2941 recondit
283 2894 393 2950 Sedibus,
404 2905 428 2943 et
441 2897 561 2960 Nympha:
572 2898 664 2960 Egeria
715 2899 771 2946 olim
783 2897 891 2961 religiose
902 2898 980 2945 cultus
991 2906 1016 2943 et
1026 2904 1132 2949 ornatus,
1142 2896 1215 2943 Juve-

165 2965 302 3029 nemorique
313 2967 428 3031 relegat.'¹
451 2969 540 3017 Virbius
550 2971 617 3033 quari
629 2971 665 3019 bis
715 2972 764 3019 nal.
783 2969 809 3019 ii.
831 2972 870 3018 17.
892 2970 964 3019 ctiam
986 2969 1057 3017 bodie
1078 2968 1214 3017 ostenditur.

165 3038 209 3096 vir,
238 3040 387 3104 παλίμβιοςε
421 3056 506 3105 nempe
528 3041 552 3088 in
578 3044 665 3107 templo
718 3045 818 3092 Tencteri
828 3043 920 3108 proprie
931 3043 1043 3091 dicuntur
1054 3058 1155 3107 quorum
1167 3058 1215 3090 oor·

164 3112 252 3161 Diaute
273 3113 377 3161 Aricina:
400 3113 530 3161 domestica
551 3115 664 3178 religione
714 3117 898 3183 pusevanescit,
910 3118 983 3166 autin
994 3132 1083 3180 aquam
1094 3117 1153 3164 abit.

165 3187 288 3235 colebatur
304 3187 400 3236 Virbius
417 3187 523 3251 quidam,
539 3203 609 3251 quem
626 3204 664 3236 se·
748 3195 886 3241 saa-ow.
905 3192 983 3257 Tages.
1006 3201 1091 3238 auctor
1110 3191 1216 3254 haruspi-

165 3258 246 3317 riores,
258 3275 304 3308 uon
315 3261 372 3308 sctis
383 3269 476 3309 constat
487 3277 536 3318 cur,
549 3261 665 3325 Hippoly-
716 3266 775 3313 cina
795 3265 858 3330 apud
880 3267 1001 3322 Etruscos,
1023 3280 1052 3313 ex
1077 3265 1148 3328 gleba
1157 3283 1165 3324 ;
1186 3266 1216 3313 cl.

166 3340 216 3381 tum
227 3332 375 3397 interpretati
386 3343 449 3382 sunt.
717 3339 800 3387 Cicero
812 3338 843 3386 de
859 3339 918 3386 Div.
934 3339 960 3387 ii.
975 3340 1016 3387 23.
1048 3339 1108 3386 Vid.
1123 3339 1215 3387 omuino

197 3407 254 3453 546.
276 3410 399 3456 Accerseor
420 3410 465 3464 illi,
483 3407 552 3456 datus
570 3408 593 3455 ci
614 3424 665 3456 sum
717 3411 851 3476 Dempsteri
865 3413 944 3460 Etrur.
959 3412 1047 3475 Regal.
1060 3412 1098 3460 iii.
1114 3415 1134 3460 l.
1168 3411 1214 3459 ad-

165 3477 296 3543 πάρεδρος.
328 3480 455 3545 Inscriptio
470 3482 534 3544 apud
548 3482 665 3540 Gudium,
716 3485 791 3534 mirta
812 3495 892 3534 autem
911 3498 947 3534 est
964 3502 1026 3534 nova
1047 3486 1101 3533 bec
1119 3495 1144 3534 et
1159 3487 1215 3532 mira

165 3567 224 3617 pag.
248 3555 288 3601 30.
310 3554 392 3601 Diona
413 3557 523 3603 Aricinis
545 3567 567 3602 et
591 3556 666 3604 Virdio
716 3559 798 3607 fabula
815 3576 857 3624 per
876 3560 1087 3625 comparationem.
1107 3558 1176 3623 eique
1191 3568 1214 3607 et

165 3625 232 3673 Scor.
250 3626 343 3672 Accenri
349 3625 488 3673 dicebantur
498 3628 596 3675 ministri
605 3631 665 3691 pub·
717 3633 770 3680 alias
787 3633 821 3680 sic
837 3633 934 3681 addita.
967 3634 1100 3698 Hippolyte
1114 3634 1157 3680 suit
1170 3649 1215 3680 una

165 3697 391 3760 lici'magistratibus
402 3699 515 3747 attributi.
543 3703 666 3749 accenseor
715 3721 745 3754 ex
767 3709 924 3755 Amazonibus.
956 3709 1112 3770 Quantopere
1138 3717 1215 3753 arator

166 3771 254 3820 habent
265 3772 336 3835 prim.
358 3773 666 3827 Strozzae.unusLeidensis
716 3779 757 3827 ille
777 3780 800 3826 in
828 3796 884 3844 agro
910 3780 1040 3844 Tarquinio
1067 3781 1214 3841 obstupuerit,

163 3855 189 3893 et
205 3862 266 3894 unus
281 3844 465 3905 Ambrosianus;
490 3847 530 3894 alii
549 3853 665 3897 uateutior.
716 3861 795 3901 uenat
811 3853 895 3902 Cicero
908 3853 935 3900 d.
951 3853 968 3900 l.
1003 3856 1118 3909 Fatalem,
1135 3870 1150 3901 a
1164 3854 1215 3901 latis

165 3919 239 3967 Plura
254 3927 309 3966 sunt
325 3918 364 3968 hic
379 3935 466 3983 genera
478 3920 594 3977 lectionis,
611 3938 664 3986 quae
716 3936 812 3983 motam,
824 3938 852 3974 ut
862 3927 931 3974 homo
942 3926 998 3974 inde
1008 3927 1119 3975 oriretur.

167 3993 219 4041 vido
236 3993 300 4058 apud
319 3994 452 4044 Heinsium.
485 3994 567 4043 Codex
587 4005 665 4046 noster
747 4002 884 4049 suo-564.
903 4002 997 4049 Rornuli
1018 4003 1085 4048 hortu
1107 4001 1132 4049 in
1149 4004 1214 4049 arbo-

167 4067 259 4131 Regius
274 4067 305 4115 A.
316 4072 437 4128 bacarion
455 4070 529 4118 codex
543 4073 574 4120 B.
587 4089 662 4120 aecer·
713 4091 773 4123 rem.
807 4077 877 4124 Cous.
889 4075 1033 4125 Plutarchus
1043 4076 1068 4123 iu
1080 4076 1153 4124 Rom
1163 4079 1214 4124 Ser·

163 4143 219 4197 sior,
229 4152 253 4191 at
264 4158 305 4225 pro
316 4143 382 4193 varia
391 4144 492 4194 lectione
503 4149 623 4208 acceptior.
714 4148 766 4197 vius
787 4148 819 4196 ud
843 4148 978 4215 Virgilium,
1000 4149 1099 4198 AEocid.
1120 4148 1156 4199 iii.
1175 4149 1213 4199 46.
