2774 5004
147 352 212 415 llS
445 349 484 413 Ρ.
506 345 670 413 ovibu
693 345 910 413 NASONIS

152 521 221 593 Dis
239 521 329 595 licet
345 530 432 594 acta
450 519 588 593 Deum.
626 519 727 593 Jano
743 521 829 594 loos
839 522 979 615 juncta
992 520 1174 593 tenebant

152 635 295 709 Naides
313 635 504 720 Ausonias,
522 634 648 730 gelido
665 636 831 708 rorantia
843 633 971 707 tonte:
1126 637 1193 706 786

152 748 234 824 llas
250 762 357 848 rogat
371 750 566 837 auxilium,
584 773 657 824 nec
674 748 866 848 Nympbte
878 751 988 844 justa
1003 760 1193 846 petentem

153 863 377 939 Sustinuere
396 864 540 952 Deam3
559 887 764 960 venasque,
781 875 822 939 et
837 863 997 937 flumina
1010 862 1131 937 sontis

153 979 327 1054 Elicuere
344 979 423 1052 sui:
452 979 619 1052 nondum
635 990 764 1052 tamen
779 978 883 1051 invia
895 976 989 1051 Jani

154 1093 233 1168 Ora
248 1094 413 1192 patentis
430 1106 548 1179 erant,
567 1116 693 1190 neque
708 1094 782 1167 iter
797 1092 1050 1191 praeluserat
1065 1093 1174 1167 unus

154 1207 296 1283 Lurida
310 1219 529 1307 supponunt
543 1206 720 1282 loecundo
736 1205 880 1281 sulfura
893 1205 1005 1293 fonti,
1131 1213 1192 1280 791

154 1321 447 1420 Incenduntque
463 1347 574 1397 cavas
590 1321 759 1397 fumante
775 1322 961 1396 bitumine
977 1345 1111 1395 venas.

154 1437 307 1511 Viribus
324 1436 383 1510 his
401 1437 561 1534 aliisque
578 1460 694 1533 vapor
711 1436 921 1534 peneuavit
936 1436 989 1509 ad
1005 1436 1087 1510 ima

156 1551 307 1640 Fontis;
336 1565 376 1626 et
392 1552 535 1650 Alpino
553 1553 665 1626 modo
682 1576 769 1650 quoe
785 1563 930 1625 certare
945 1551 1065 1647 rigori

153 1666 364 1742 Audebatis
382 1690 505 1764 aquae,
524 1692 600 1741 non
616 1667 753 1741 ceditis
769 1667 921 1763 ignibus
937 1666 1048 1764 ipsis.
1131 1671 1197 1740 795

153 1781 391 1857 Flammifera
407 1784 546 1878 gemini
560 1783 707 1857 fumant
721 1783 919 1880 aspergine
936 1795 1084 1880 postes,

153 1895 345 1995 Portaque
362 1900 619 1996 nequidquam
636 1899 765 1995 rigidis
782 1897 969 1995 permissa
985 1896 1141 1971 Sabinis

158 2008 277 2083 Fonte
294 2010 364 2083 luit
381 2023 601 2108 praestrueta
615 2036 732 2100 nov03
761 2011 852 2084 dum
870 2010 1035 2084 Martius
1052 2035 1156 2086 arma

159 2121 338 2198 Indueret
355 2124 484 2198 miles:
514 2149 599 2222 quae
616 2139 817 2224 postquam
836 2126 1026 2200 Romulus
1044 2128 1144 2200 ultro

160 2236 322 2325 Obtulit,
341 2249 380 2313 et
396 2249 514 2312 strata
530 2253 589 2313 est
606 2241 718 2314 tellus
737 2241 909 2313 Romana
926 2240 1082 2316 Sabinis
1132 2248 1201 2315 800

160 2351 403 2452 Corporibus,
415 2365 534 2428 strata
549 2367 685 2453 estque
697 2356 793 2444 suis;
812 2357 1019 2453 generique
1036 2382 1201 2432 cruorem

159 2603 320 2653 demmrire
334 2605 658 2669 eoepmnuqsibusmbini
708 2607 768 2656 lnst.
789 2605 822 2655 ir.
840 2607 867 2654 ³.
902 2605 981 2668 Nque
1002 2606 1052 2654 rim
1072 2605 1202 2670 explicandi

160 2676 270 2743 prohibiti
281 2676 466 2726 suntllomsnus
474 2678 659 2743 ulteriusperse·
707 2679 788 2735 bsber,
800 2687 827 2727 ut
839 2690 862 2727 et
876 2694 955 2743 sepe:
975 2694 1065 2744 nunpe
1080 2678 1147 2727 onds
1160 2695 1203 2727 nos

161 2751 218 2815 qui;
235 2760 305 2815 poeta
315 2758 394 2800 sutem
404 2751 513 2817 precibus
524 2752 657 2801 Venerisid
707 2752 859 2819 praeluserat
875 2752 928 2800 iter.
961 2753 1057 2801 Lerids
1071 2764 1205 2814 sumunt,

161 2822 250 2872 lactum
261 2824 332 2872 luisse
343 2822 385 2872 sit.
708 2835 754 2875 ets.
787 2826 890 2874 Csussm
906 2825 978 2889 liujus
991 2836 1123 2889 sppmtus
1132 2824 1205 2874 reddit

194 2896 250 2945 787.
271 2896 320 2943 Has
336 2897 424 2960 rogat]
449 2898 516 2946 Unus
534 2897 659 2948 Mediceus
709 2898 854 2954 lactantius,
864 2899 923 2962 Arg.
933 2900 1018 2956 “Qut
1030 2898 1205 2962 qnumlrigids

164 2967 214 3015 Has
229 2972 294 3029 petit,
306 2977 333 3016 ut
349 2968 380 3016 sit
396 2970 504 3034 repetitio
520 2971 607 3019 ovidio
623 2972 658 3020 is·
708 2973 809 3021 bostium
819 2972 939 3020 introitum
950 2987 997 3020 non
1007 2972 1206 3036 prohiberentur

162 3041 267 3089 milleris.
301 3042 354 3090 Nou
375 3047 469 3091 sustinet
490 3044 599 3101 alterum,
616 3046 658 3110 qui
708 3045 799 3110 frigidis
810 3044 1133 3101 inealidssrersn,bnstem
1143 3061 1206 3094 estr-

162 3129 209 3162 son
219 3114 319 3163 sustinet
328 3115 351 3162 ei
367 3131 461 3178 negare,
472 3117 536 3179 quod
549 3117 658 3181 petierat,
709 3118 812 3168 terunt.”

162 3187 204 3251 qui
213 3203 257 3236 non
266 3196 342 3252 potest
350 3188 538 3238 nonsatislsesre
546 3191 598 3254 ejus
606 3206 658 3254 pre·
742 3193 798 3240 79⁴.
823 3194 921 3254 Alpinus
938 3193 1012 3255 rigor,
1029 3200 1058 3239 ut
1079 3193 1205 3256 Scythica

162 3259 244 3319 cibus5
264 3260 348 3309 Cicero
366 3261 397 3310 sd
412 3262 469 3310 Diu.
484 3262 660 3316 si.13.Quusi
702 3267 795 3330 friges,
805 3264 830 3313 in
846 3264 995 3329 proverbium
1011 3264 1107 3314 abierut
1116 3284 1124 3325 ;
1142 3267 1206 3330 Virg.

163 3338 321 3382 sustineretur
335 3353 379 3382 non
392 3347 478 3397 possm
496 3335 585 3393 livius,
595 3336 660 3386 mi.
709 3339 764 3388 rat.
785 3357 810 3388 s.
831 3340 871 3387 47.
889 3340 979 3400 Alpisae
996 3341 1061 3387 sisu
1077 3351 1101 3388 st
1113 3341 1207 3404 frigore

167 3406 204 3453 1³.
212 3408 309 3455 Senatus
318 3419 434 3469 querentes
444 3426 478 3457 aas
488 3413 661 3459 marustlnoit.
712 3413 796 3462 utar.
829 3411 1076 3474 Gmimmduoe
1088 3413 1169 3478 ansn
1184 3413 1207 3462 in

164 3478 235 3534 Quod
253 3480 290 3528 hic
308 3482 426 3546 Nymphis
442 3484 559 3540 tribuitur,
575 3483 600 3531 id
616 3484 661 3534 sibi
710 3487 766 3536 ani
784 3485 873 3551 templo
890 3486 935 3533 sibi
951 3486 1077 3549 opposita.
1111 3487 1210 3552 usgue,

165 3547 210 3613 ipsi
228 3551 333 3599 vindieat
348 3553 432 3608 Janus,
444 3556 508 3604 suu
518 3558 535 3603 i.
545 3557 593 3604 269
609 3573 663 3621 sqq.
710 3558 843 3617 bellicosis;
859 3559 909 3623 ipse
923 3558 991 3606 Mars
1006 3561 1099 3623 rigidus
1109 3560 1160 3609 viii.
1170 3563 1210 3609 20.

164 3620 240 3669 Jnuus
253 3634 340 3684 putens,
355 3626 468 3689 templum
483 3627 541 3675 Jani
558 3638 662 3694 ternpore
711 3632 776 3680 Ante
801 3630 926 3679 Heinsium
948 3631 1066 3680 edebatur
1091 3639 1209 3695 maists.

167 3694 224 3743 belli
242 3704 341 3760 putenm
359 3698 422 3745 Fast.
435 3697 452 3746 i.
462 3700 518 3748 279.
533 3700 565 3747 Ut
580 3707 662 3763 populo
711 3704 794 3754 Codes
811 3702 903 3768 Regius
919 3704 1084 3764 spissim
1102 3707 1148 3756 sed
1162 3724 1209 3757 me·

166 3771 254 3817 reditus
267 3777 359 3829 pntsuru
374 3773 404 3816 od
416 3772 474 3817 bello
486 3771 594 3834 proferto,
607 3771 663 3822 Toto
712 3777 758 3824 lius
774 3776 799 3825 in
813 3776 895 3825 codiee
907 3777 936 3824 B.
946 3782 1065 3838 prmissa,
1075 3779 1101 3828 id
1117 3791 1156 3830 est
1165 3791 1211 3830 trs-

164 3845 405 3905 patstdemptujonua
415 3853 555 3893 rostram.
579 3849 662 3904 Quen·
712 3849 772 3899 dits.

165 3931 237 3980 quam
251 3915 276 3964 id
292 3915 387 3964 demum
399 3915 487 3966 lactum
501 3917 556 3967 inde
572 3935 586 3966 a
603 3927 662 3969 tem·
745 3925 801 3971 801.
820 3909 946 3985 Grbsrique
957 3941 1062 3973 morsis
1072 3945 1126 3975 esst
1136 3931 1211 3983 uari.

166 4006 221 4054 pore
243 3992 328 4039 Numa
350 3989 469 4055 Pompilii.
504 3992 571 4040 Male
593 3992 662 4041 Bers-
712 3997 772 4059 ete]
794 3996 866 4061 Apud
883 3996 986 4054 livium,
997 3999 1015 4046 i.
1029 4001 1069 4049 1³.
1079 4012 1155 4065 rapte
1171 4017 1211 4066 ps·

167 4078 273 4114 manue
289 4063 431 4129 quibusdam
447 4065 540 4131 prefert
553 4070 661 4129 parentis,
712 4078 767 4125 tres,
779 4070 887 4134 virosque
905 4080 996 4134 rogant,
1013 4090 1043 4122 se
1059 4091 1084 4123 ss
1102 4078 1212 4140 ungui-s

166 4137 307 4198 quiaanus
317 4139 386 4188 Peter
395 4138 473 4188 dictus
483 4149 519 4188 est
526 4158 534 4201 ;
553 4141 661 4190 lactant.
713 4142 811 4206 naej'nrdo
827 4147 897 4192 soceri
909 4149 1033 4210 generique
1046 4160 1211 4214 mprrgsrest.
