2774 5004
241 104 713 180 numuruomosuort
734 112 826 178 LIB.
848 113 936 181 XII.
1047 114 1117 181 2⁷³

59 286 219 385 Perque
236 296 322 360 tuae
339 285 464 371 urbes,
483 285 552 358 tibi
570 287 669 360 enim
689 286 892 385 popularis,
908 288 1068 377 Achille,

61 400 274 477 Multorum
290 401 429 476 frustra
444 400 542 476 votis
558 414 690 501 optata
706 424 917 499 procorum.

60 517 268 593 Tentasset
284 517 427 592 Peleus
445 517 630 591 thalamos
649 542 802 616 quoque
818 517 973 593 forsitan
991 519 1096 610 illos3

62 634 139 708 Sed
153 635 236 731 jam
254 642 321 707 aut
337 631 573 727 contigerant
590 632 643 705 illi
662 633 852 707 connubia
869 634 1011 721 matris,

61 753 138 823 Aut
150 749 306 823 'fuerant
324 748 520 848 promissa,
540 759 636 823 tuae:
667 774 737 824 nec
757 749 883 823 Caenis
903 751 941 822 in
960 751 1056 824 ullos

62 865 257 964 Denupsit
272 866 480 954 thalamos;
503 877 724 965 secretaque
742 866 849 939 litora
866 890 1026 963 carpens
1041 870 1109 940 196

61 981 243 1083 AEquorei
261 980 336 1055 vim
353 1003 468 1081 passa
487 981 558 1055 Dei
577 992 657 1056 est:
687 981 739 1054 ita
755 979 855 1054 sama
873 980 1028 1054 ferebat.

61 1096 194 1195 thue
214 1120 318 1170 novae
335 1095 494 1171 Veneris
515 1096 716 1194 Neptunus
735 1096 873 1193 gaudia
895 1095 1009 1194 cepit,

62 1212 194 1286 “Sint
211 1222 278 1285 tua
294 1223 380 1286 vota
397 1212 524 1300 licet,''
542 1213 651 1301 dixit,
672 1223 696 1251 ‘⁴
713 1235 846 1286 secura
862 1212 1045 1310 repulsae;

61 1325 173 1424 Elige
190 1327 284 1424 quid
301 1350 436 1401 voveas
450 1327 484 1400 :'’
503 1328 636 1401 eadem
651 1328 723 1400 hoc
737 1351 890 1425 quoque
902 1326 1002 1400 sarna
1014 1325 1109 1401 fere·

213 1441 292 1515 bat.
1034 1447 1109 1517 200

62 1554 287 1654 Magnum,’'
306 1557 434 1631 Caenis
453 1557 517 1643 ait,
539 1567 562 1596 ‘⁴
574 1557 664 1631 facit
681 1559 762 1632 haee
781 1559 916 1656 injuria
929 1569 1070 1646 votum,

60 1671 154 1747 Tale
172 1672 251 1770 pati
271 1673 322 1745 nil
340 1696 465 1771 posse,
485 1674 598 1747 mihi:
626 1674 688 1760 da,
707 1673 846 1748 semina
864 1698 910 1747 ne
929 1674 1012 1760 sim,

61 1788 204 1862 Omnia
220 1789 478 1887 prestiteris.”
531 1790 710 1863 Graviore
729 1791 933 1864 novissima
949 1790 1048 1865 dixit

60 1903 190 1981 Verba
206 1928 311 1991 sono,
331 1913 555 2003 poteratque
573 1904 639 1976 viri
657 1894 731 1978 iox
749 1906 813 1979 illa
830 1906 960 1992 videri,

63 2020 175 2095 Sicut
192 2031 293 2094 erat:
323 2043 410 2093 nam
422 2022 503 2117 jam
521 2032 608 2094 voto
629 2020 733 2096 Deus
753 2023 914 2120 aequoris
933 2023 997 2096 alti
1035 2027 1109 2098 205

60 2135 279 2224 Annnerat;
308 2135 543 2231 dederatque
561 2160 686 2232 super,
707 2162 754 2210 ne
773 2137 923 2209 saucius
943 2136 1029 2208 ullis

60 2249 290 2324 Vulneribus
308 2249 401 2336 fieri,
420 2249 564 2324 ferrove
581 2252 805 2325 occumbere
823 2261 964 2347 posset.
1004 2274 1010 2281 ·

61 2364 224 2439 Munere
242 2364 351 2439 laetus
369 2366 471 2453 abit3
502 2366 714 2463 studiisque
732 2366 898 2438 virilibus
917 2387 1036 2437 rerum

92 2611 150 2661 191.
164 2610 216 2659 Tibi
227 2613 287 2659 eninr
296 2612 435 2675 pomum]
449 2611 560 2677 Apostro-
611 2613 681 2661 valde
693 2612 846 2662 adblanditur
855 2612 953 2661 duorum
962 2611 1017 2661 cod.
1038 2611 1110 2677 Regii

56 2685 103 2751 phe
115 2685 169 2734 hue
186 2684 400 2734 memonbiliorem
411 2685 470 2734 lucit
480 2700 561 2734 num·
611 2686 674 2736 tertii
686 2696 710 2736 et
722 2686 845 2736 Urbinutis
858 2686 937 2743 lectio,
950 2687 1006 2735 Tale
1019 2691 1070 2751 poti
1080 2689 1111 2735 da

55 2759 158 2815 tionem
169 2766 196 2808 ut
208 2758 375 2825 jucundiorem
393 2758 491 2815 Achilli,
502 2774 562 2825 prm·
609 2776 671 2823 poree
683 2762 752 2818 nihil,
764 2761 890 2825 defarina
904 2777 933 2809 ne
947 2763 1005 2819 tlm,·
1023 2776 1109 2810 venus·

56 2832 148 2890 enirn,
181 2848 256 2898 quum
289 2841 411 2897 sequntur,
446 2833 562 2882 Tentduet
612 2845 660 2882 turn
671 2835 733 2883 enim
745 2850 797 2883 esse
805 2834 870 2883 illurn
879 2833 1052 2899 repetitionem,
1062 2850 1110 2899 qun

58 2907 330 2964 Prbuutlumalomte.
359 2905 448 2956 Similis
457 2915 561 2974 apertio·
612 2908 926 2973 oportueritiutuntuvoti
936 2906 1109 2972 magnitudine.

57 2981 217 3046 monerer.
230 2982 287 3031 363.
612 2982 677 3029 Dare
684 2998 734 3047 pro,
744 2981 871 3031 concedere
879 2978 975 3046 aliquod
983 2995 1077 3039 munus,
1084 2990 1114 3030 ur

91 3056 150 3106 196.
176 3055 207 3104 ln
223 3057 281 3104 ullor
298 3055 559 3119 vinopetionem]
611 3055 627 3103 i.
637 3057 695 3104 466.

58 3128 255 3186 Etinrn'l'aritun
262 3130 295 3179 iv.
302 3129 437 3178 nnuman.
448 3130 563 3178 deinum
644 3130 700 3177 20³.
717 3126 841 3191 Ingeniose
851 3137 876 3175 et
886 3128 1036 3193 inexpectato
1047 3127 1110 3177 cele·

57 3207 82 3254 ia
101 3206 211 3261 donam
228 3218 300 3269 supra
316 3203 357 3252 vii.
374 3205 432 3252 056.
450 3205 562 3252 inunum
611 3201 704 3250 ritatem
715 3200 852 3250 mutationis
863 3200 987 3266 exprimit5
1004 3200 1112 3253 connix-

58 3278 185 3334 tluhniu
202 3275 292 3332 uvius,
309 3292 334 3324 x.
348 3275 392 3324 2³.
410 3277 505 3324 nabere
521 3291 561 3336 pu·
612 3277 724 3342 tuorqq.
755 3275 875 3331 Graviore,
885 3274 1019 3325 humiliore.
1049 3274 1110 3326 Ien-

59 3353 145 3400 Μῦν.
612 3352 662 3399 zius
672 3358 749 3416 putat,
761 3349 945 3415 etymologicum
963 3349 1064 3399 nominis
1073 3350 1111 3399 in·

88 3425 150 3473 m.
163 3421 220 3470 Tale
229 3427 278 3486 puer·
288 3423 325 3470 nil
335 3436 403 3484 poure,
414 3421 494 3484 mlii]
506 3422 563 3470 Ple·
612 3424 802 3488 terpretutionem
818 3437 833 3471 a
843 3424 937 3482 καινὸς,
949 3440 1027 3481 meru,
1039 3422 1111 3472 trudi-

57 3496 128 3563 rique
140 3497 184 3562 (et
196 3495 269 3545 nostri
284 3495 370 3562 Regii)
383 3495 438 3543 Tale
452 3499 501 3557 pati
510 3499 564 3558 jum
612 3498 700 3546 tionem
718 3495 835 3562 peperisse
856 3495 887 3545 de
908 3495 1112 3545 transformatione

56 3586 119 3634 pono
129 3571 191 3620 nihil
198 3587 208 3628 ς
225 3585 272 3619 non
282 3571 359 3620 mule:
374 3569 462 3618 etenim
466 3573 528 3633 jam,
537 3568 563 3617 id
613 3571 637 3618 in
648 3585 734 3619 novum
745 3584 838 3618 sexum.
870 3569 974 3617 Mirum!

58 3645 150 3703 amb
166 3643 212 3692 hue
228 3643 284 3693 inde
302 3653 416 3709 ternpore,
429 3644 490 3691 bene
508 3642 563 3692 h.l.
645 3645 703 3692 208.
730 3643 826 3708 Erigere
852 3659 932 3699 mmm,
956 3653 1043 3691 uturum
1070 3648 1112 3705 pro

57 3716 181 3767 eonvenit-
213 3717 238 3765 Si
265 3719 322 3766 miii
346 3717 483 3774 retinemus,
511 3726 564 3782 poet
613 3731 683 3781 agere
700 3716 811 3764 dixerunt
830 3717 901 3763 etiarn
920 3715 1052 3769 Terentius,
1068 3711 1111 3760 ci·

56 3807 119 3854 puna
128 3791 346 3856 interpungendum
358 3798 402 3849 eat,
411 3799 438 3839 ut
448 3791 564 3840 referatur
613 3806 675 3847 cero,
682 3790 805 3855 Virgilius.
817 3792 904 3838 Studiis
910 3791 1021 3837 otrttllru.
1032 3787 1071 3834 Sic
1080 3786 1112 3834 V.

59 3866 174 3933 adjacit.
202 3865 283 3915 leonii
296 3865 562 3930 irateroonjungiteum
615 3866 645 3913 C.
657 3863 763 3912 interfuit
779 3861 897 3912 venationi
909 3863 958 3928 apri
976 3857 1111 3925 calydonii,

61 3958 116 4007 rqq.
137 3941 195 3988 mihi
216 3943 255 3998 du,
277 3950 324 3990 etc.
356 3940 403 3989 Sed
426 3941 564 3989 Burmanno
616 3938 665 3985 viii.
683 3938 741 3985 305.
759 3946 783 3984 et
800 3936 944 4000 expeditioni
962 3937 1112 3996 Argonauta·

95 4014 177 4064 VOL.
193 4013 238 4061 IV.
711 4011 757 4057 Nn
