2774 5004
176 350 199 413 t
470 349 509 415 Ρ.
533 347 696 416 ovtnn
721 347 934 415 NASONIS

178 521 272 596 Plus
283 523 409 609 etiam,
420 514 535 621 quain
546 523 658 597 udsse
672 534 731 597 sat
743 515 823 598 est:
844 523 915 597 hac
928 523 1070 622 judico,
1083 524 1222 611 Minos,

180 637 257 718 Seu
276 653 391 741 caput
408 640 605 715 abdiderat
622 639 778 714 cristata
794 639 942 714 casside
960 640 1108 738 pennis,
1176 645 1223 713 25

176 758 223 832 lu
240 760 348 856 galea
363 757 548 831 formosus
566 766 668 831 erat:
697 780 764 829 seu
783 767 996 855 sumpserat
1013 781 1088 830 aare

176 875 402 972 Fulgentem
421 875 611 972 clypeum,
623 874 801 972 clypeum
817 874 1024 972 sumpsisse
1039 875 1221 949 decebat:

174 990 351 1066 Torserat
368 990 540 1065 adductis
559 990 710 1063 hastilia
726 992 830 1064 lenta
846 991 995 1064 lacertis
1010 1019 1018 1079 ;

177 1107 373 1182 Laudabat
389 1107 493 1203 virgo
505 1108 679 1203 junctam
697 1131 784 1181 cum
800 1107 941 1179 viribus
951 1100 1092 1180 artem.

175 1223 360 1324 Imposito
378 1224 527 1322 patulos
545 1224 691 1298 calamo
710 1223 922 1296 sinuaverat
939 1247 1070 1312 arcus3
1176 1227 1222 1296 30

176 1339 240 1414 Sic
259 1340 447 1414 Phoebum
466 1339 626 1438 sumptis
640 1340 793 1437 jurabat
810 1349 909 1411 stare
926 1338 1089 1434 sagittis.

174 1456 301 1542 Quum
314 1480 402 1529 vero
419 1454 553 1528 faciem
571 1455 726 1552 dempto
744 1454 950 1527 nudaverat
967 1478 1054 1540 aare,

174 1572 469 1670 Purpureusque
487 1572 562 1643 albi
581 1571 707 1643 stratis
725 1570 886 1666 insignia
902 1569 1016 1668 pictis

174 1686 298 1784 Terga
315 1688 511 1785 premebat
529 1687 629 1783 equi,
650 1688 939 1785 spumantiaque
959 1710 1025 1759 ora
1044 1688 1217 1783 regebat;

173 1803 250 1876 Vix
268 1827 348 1890 sua,
367 1803 430 1876 vix
450 1828 550 1877 sanae
568 1804 671 1902 virgo
691 1804 823 1878 Niseia
841 1829 995 1901 compos
1173 1808 1218 1878 35

173 1917 317 1992 Mentis
335 1931 435 1993 erat:
461 1917 552 1990 felix
566 1920 748 2016 jaculum,
769 1921 870 2017 quod
889 1930 1062 2015 tangeret
1078 1920 1154 2006 ille,

173 2032 346 2132 Quaeque
364 2058 476 2106 mauu
494 2045 693 2132 premeret,
709 2034 834 2109 felicia
850 2034 955 2109 frena
972 2035 1143 2110 vocabat.

174 2148 345 2249 Impetus
363 2159 423 2224 est
439 2149 506 2238 illi,
525 2151 638 2225 liceat
655 2152 779 2238 modu,
798 2151 894 2225 ferre
911 2175 978 2250 per
996 2175 1133 2247 agmen

171 2462 218 2497 non
233 2446 310 2496 solum
328 2466 341 2497 e
358 2448 415 2497 setis
431 2449 524 2514 equinis
539 2449 596 2512 (xii.
615 2451 668 2511 83.)
720 2450 866 2512 Lunavitque
875 2467 937 2514 genu
947 2451 1061 2496 sinuosum
1069 2448 1169 2512 fortiter
1180 2464 1217 2494 ar·

169 2520 212 2570 sed
231 2520 303 2569 etiam
321 2538 351 2569 ex
367 2524 457 2584 perime,
473 2539 527 2586 ques
544 2522 668 2589 pulchrum
719 2541 777 2572 cam.
810 2525 877 2571 Stare
887 2522 917 2571 de
926 2531 992 2586 gestu
1003 2523 1041 2570 vel
1053 2521 1217 2585 pugnantium,

170 2593 255 2644 Minoa
264 2595 341 2660 magis
351 2595 477 2645 decebant.
719 2607 746 2646 ut
758 2597 791 2645 ir.
801 2599 842 2645 33.
854 2596 890 2645 vel
909 2597 1008 2659 sagittas
1024 2595 1178 2652 mittentium,
1194 2603 1218 2642 ut

202 2671 243 2719 26.
258 2671 315 2719 AErs
328 2671 436 2736 rescripsi
447 2671 587 2720 auctoritate
598 2672 668 2722 MSS.
718 2672 762 2721 hoc
774 2672 834 2727 loco,
845 2670 913 2720 etsie
924 2680 998 2718 status
1008 2669 1105 2735 passim.

169 2744 211 2811 qui
228 2744 276 2794 iere
294 2761 375 2794 omues
390 2744 415 2793 iu
431 2745 475 2794 hoo
486 2747 601 2794 vocabulo
612 2762 667 2796 con·
750 2747 791 2794 33.
809 2746 945 2806 Purpureus
961 2743 1055 2807 gravius
1073 2758 1155 2807 quam,
1165 2757 1217 2807 pur·

169 2819 269 2886 spirant.
304 2821 336 2867 Et
350 2836 403 2868 mox
415 2836 482 2869 versu
498 2822 538 2870 32.
554 2837 602 2869 non
623 2820 667 2870 uisi
718 2835 792 2884 purea
801 2826 880 2867 veste:
899 2817 953 2865 Art.
965 2818 1047 2865 Amat.
1058 2817 1074 2865 i.
1085 2819 1143 2865 214.
1155 2816 1217 2871 Qua·

170 2908 232 2942 terea
247 2893 318 2958 galea
334 2892 412 2941 Minoi
430 2894 548 2950 tribuitur,
559 2904 586 2943 ut
604 2896 668 2960 apud
719 2904 772 2942 tuor
782 2897 807 2941 in
822 2894 892 2940 nituit
905 2908 988 2940 aureas
1002 2893 1044 2939 ibis
1060 2895 1130 2955 equis.
1163 2894 1219 2940 Atto

169 2967 308 3023 Homerum,
320 2968 350 3015 11.
364 2973 395 3015 K.
407 2967 448 3014 30.
463 2967 584 3016 Menelao.
622 2970 668 3016 De·
718 2984 780 3032 equo
791 2985 816 3016 se
828 2968 911 3017 Minoa
922 2967 946 3015 in
957 2967 1078 3016 obsidione
1089 2967 1155 3016 urbis
1164 2968 1217 3016 hoa-

168 3041 241 3094 σῶαί,
257 3054 311 3087 curu
330 3038 415 3087 decore
430 3041 547 3095 sumebat,
558 3050 608 3095 aut,
619 3041 669 3105 oly-
719 3042 782 3091 tibus
790 3041 916 3090 notabilem
924 3041 1016 3090 dedisse
1024 3052 1048 3090 et
1055 3042 1218 3107 conspicuum,

169 3129 228 3180 peus
238 3121 346 3177 sumptus
359 3112 381 3160 ei
392 3112 465 3160 decus
473 3112 587 3162 addebat.
620 3117 669 3164 Eu·
719 3130 767 3164 nou
785 3116 861 3163 credit
879 3118 1038 3172 Burmannus,
1056 3117 1096 3180 qui
1117 3132 1171 3165 eam
1189 3116 1217 3164 ob

168 3187 256 3253 ripides
265 3188 352 3236 Pboeu.
365 3185 460 3245 itanc
475 3187 591 3237 ὅπλοισιν
608 3207 668 3252 χρυ·
718 3205 814 3239 eausam
832 3192 944 3239 emendat
962 3195 1015 3239 atti.
1048 3192 1142 3256 Ergone
1158 3193 1217 3240 altus

168 3259 259 3310 elatura
276 3259 412 3325 εὐπρεπής.
445 3264 559 3310 adductis
577 3264 669 3312 incertis
717 3280 793 3329 equus
801 3281 855 3312 eum
866 3267 943 3313 minus
951 3265 1078 3314 notabilem
1088 3266 1219 3315 reddebatl

168 3334 245 3401 pingit
265 3343 345 3382 aetum
369 3334 508 3399 jaculantis.
547 3337 668 3400 Expressit
718 3339 770 3388 Nec
781 3338 919 3388 dubitbruut
930 3340 969 3387 alii
980 3341 1063 3397 duces,
1072 3340 1217 3396 Alexander,

168 3418 249 3458 autem
264 3409 386 3471 Virgilius,
399 3408 495 3458 AEneid.
506 3411 538 3458 si.
549 3410 607 3460 561.
624 3415 665 3460 ad·
717 3412 847 3469 Hannibal,
860 3422 885 3461 et
900 3413 971 3461 armis
986 3423 1011 3462 et
1025 3414 1094 3477 equis
1107 3430 1133 3462 se
1146 3414 1216 3478 insig-

167 3486 237 3532 ducto
258 3492 385 3531 contortam
412 3483 493 3531 tanta
515 3484 600 3531 lacerto
619 3483 665 3532 lm·
716 3487 773 3537 nire.
807 3488 1018 3535 Amabantautem
1034 3488 1166 3552 plerunque
1182 3491 1217 3536 at·

167 3561 248 3607 mittit.
276 3556 351 3612 lutra,
361 3558 395 3605 ix.
407 3558 448 3606 52.
455 3565 510 3606 sunt
521 3559 614 3606 tii-aitte
624 3564 665 3608 aa·
715 3564 751 3610 bos
760 3578 848 3626 equos;
864 3561 923 3609 etin
933 3563 983 3608 ata»
994 3561 1018 3608 in
1029 3560 1111 3625 primis
1121 3562 1217 3610 lucebat

167 3635 246 3681 ducta
280 3631 319 3679 Sic
331 3640 355 3679 et
367 3634 446 3681 reduci
458 3632 575 3689 adhiberi,
586 3644 665 3684 monet
715 3653 826 3703 purpura.
866 3637 951 3684 Stratis
967 3641 1043 3697 pictis.
1077 3636 1217 3685 Graeviauus

167 3706 327 3771 Burmannps.
360 3705 458 3753 lentum
476 3707 572 3755 solenne
591 3707 665 3757 hasti·
715 3727 757 3776 pro
766 3711 860 3760 diversa
870 3710 972 3760 lectione
983 3710 1026 3759 dat
1034 3712 1134 3773 phaleris
1144 3714 1218 3772 pictis,

166 3778 234 3836 lium,
256 3778 366 3844 pilorum,
387 3778 518 3843 thyrsorum
544 3779 665 3845 epitheton
716 3785 779 3848 quod
791 3785 910 3834 arridebat
921 3784 1027 3841 Heinsio,
1038 3783 1080 3832 sed
1088 3795 1152 3833 recte
1164 3786 1217 3850 reji-

167 3853 331 3919 apudpoetas.
358 3853 666 3904 thnctaeumuiribosarts
716 3857 777 3905 citur
795 3874 808 3905 a
827 3859 971 3906 Burmauno.
995 3857 1082 3906 Confer
1101 3873 1156 3906 cum
1174 3859 1217 3907 hoc

166 3944 225 3993 opus
244 3936 294 3975 erat
311 3927 336 3974 in
354 3926 469 3991 ejusmodi
489 3927 665 3976 exercitationi·
715 3930 808 3979 locovi.
819 3934 875 3981 ⁴222.
909 3933 1045 3994 Spumuutiu
1058 3950 1097 3979 uru
1109 3934 1216 3996 generosi

166 4001 323 4058 bus,x.181.
715 4004 771 4068 equi
789 4005 893 4068 signum.
931 4007 972 4055 Vis
988 4025 1038 4054 usu.
1056 4006 1118 4054 Vide
1137 4007 1168 4054 ad
1185 4007 1219 4056 iii.

197 4078 239 4127 30.
263 4077 401 4124 Βίηιωυοναε
421 4091 505 4134 arcun
533 4074 665 4133 lunaverat,
716 4079 773 4127 689.
807 4079 881 4135 Pstis,
896 4089 942 4129 etc.
976 4080 1099 4136 Ridicula,
1113 4082 1218 4130 solennis

164 4153 344 4204 incurvaverat:
362 4149 456 4209 ‚conten
471 4149 553 4199 Amor.
564 4150 586 4198 Ι.
598 4147 616 4199 i.
625 4150 666 4200 2³.
716 4159 796 4201 tamen
807 4151 899 4218 perdite
910 4153 1040 4204 amantium
1052 4153 1201 4220 pradicatio.
