2774 5004
233 306 700 377 mauoltfflosnorr
723 310 812 379 uu.
836 309 948 375 XIII.
1044 311 1111 386 fil

145 479 304 557 *iomede
314 481 412 579 legi:
440 506 512 557 nec
529 507 591 558 me
608 507 689 559 sors
707 484 761 559 ire
774 485 955 581 jubebat:

145 606 273 672 tamen
291 607 330 671 et
346 608 475 695 spreto
492 599 694 696 noctisque
711 599 910 696 hostisque
928 600 1111 698 pericios·

145 737 208 785 um
221 713 368 798 eadem,
385 737 471 809 quae
485 737 566 809 nop,
583 712 751 812 Phrygia
765 714 813 788 de
828 726 941 809 gente
960 715 1109 791 Dolona

145 827 262 901 rimo:
282 852 358 901 non
377 838 464 902 ante
482 840 623 915 tamen,
634 852 750 925 quam
764 840 901 903 cuncta
914 830 1023 927 coegi
1032 835 1109 905 245

145 943 242 1031 dere,
260 954 300 1018 et
316 944 469 1030 edidici,
489 945 581 1042 quid
600 944 745 1042 perfida
761 944 874 1041 Troja
896 958 1058 1044 pararet.
1092 962 1097 971 ’

145 1058 202 1133 nia
218 1061 432 1156 cognoram,
445 1083 528 1147 neo,
544 1061 648 1157 quod
662 1059 886 1159 specularer,
899 1060 1104 1148 habebam3

146 1199 207 1248 am
226 1175 412 1273 promissa
430 1189 599 1273 poteram
617 1200 703 1249 cum
722 1175 833 1250 laude
850 1176 999 1250 reverti.

145 1291 177 1364 id
196 1302 397 1365 contentus
414 1315 471 1378 ea,
490 1292 580 1390 petii
600 1292 762 1366 tentoria
778 1291 911 1378 Rhesi,

145 1431 186 1480 ue
203 1406 282 1479 suis
298 1405 423 1504 ipsum
441 1407 574 1481 eastris
591 1409 829 1504 comitesque
847 1406 1013 1506 peremi:
1032 1410 1108 1480 250

145 1544 191 1594 ue
207 1520 260 1593 ita
276 1521 427 1618 captivo
443 1522 561 1595 victor
577 1523 751 1619 votisque
771 1521 927 1619 potitus,

145 1637 258 1710 fedior
275 1660 386 1711 curru
406 1637 511 1710 laetos
528 1636 699 1711 imitante
715 1636 937 1734 triumphos.

145 1777 185 1826 ns
203 1777 322 1851 equos
340 1753 503 1850 pretium
521 1778 589 1851 pro
607 1764 718 1827 nocte
731 1761 958 1854 poposcerat
970 1750 1103 1837 hostis,

145 1992 178 2040 dis
194 1989 247 2039 lana
264 2006 356 2039 summa
368 1989 430 2050 ipter
444 1993 556 2042 Grecos:
607 2000 671 2042 recte
679 1990 775 2057 quidem
781 1990 868 2041 dicitur
874 1989 1107 2057 imperatorebsllo,

153 2071 191 2113 est
206 2062 304 2128 δαίμονι
314 2064 367 2122 ἶσος
377 2065 516 2128 (Homerus,
527 2064 558 2112 ll.
607 2081 681 2131 quum
692 2065 756 2114 tame
766 2073 809 2114 aut
819 2064 894 2114 litem
905 2063 979 2130 ipsius
992 2063 1107 2114 militum·

145 2138 268 2204 ¹.)quippe
280 2139 385 2187 Martem
394 2138 465 2187 etiam
477 2147 501 2187 et
510 2140 559 2188 Ve·
607 2155 654 2204 que
674 2153 752 2189 rerum
770 2139 802 2188 eb
821 2153 850 2188 eo
870 2149 991 2203 gestarum
1007 2137 1107 2202 gloriam

152 2212 366 2262 vulnerareausus.
390 2211 438 2260 Sed
447 2211 473 2260 in
482 2212 558 2262 Theo
604 2212 655 2278 jam
676 2211 830 2278 divulgarunt
851 2212 876 2262 iu
897 2213 991 2278 petria,
1012 2211 1055 2260 sed
1075 2227 1107 2263 au

155 2285 232 2350 Ajoce
250 2285 298 2334 alia
316 2284 460 2334 reddebatur
478 2301 558 2344 cansa,
607 2285 670 2334 idem
681 2302 749 2351 oque
759 2287 820 2334 bene
832 2285 863 2334 de
874 2285 918 2334 hoc
935 2285 1037 2335 facinore
1049 2301 1108 2351 noe.

145 2359 255 2424 Ulyssem
265 2359 343 2425 potius
353 2360 443 2408 socium
454 2368 559 2409 actorum
608 2368 678 2409 turno
688 2358 789 2416 dicatur,
800 2358 891 2408 dubito.
919 2358 958 2407 De
970 2357 1106 2408 Rhesoride

145 2449 156 2481 a
176 2432 317 2498 appetierit:
346 2431 384 2482 ὅτι
403 2431 417 2481 ὁ
435 2431 559 2499 Διομήδης
610 2434 703 2484 adver.
715 2434 757 2483 98.

145 2523 189 2556 ero
204 2503 331 2562 Ὀδυσσέα,
349 2505 379 2553 od
398 2511 484 2570 τιμῶν,
501 2505 559 2556 ἀλλ’
641 2509 699 2557 252.
719 2508 841 2572 ingredior
852 2523 903 2572 pro,
916 2505 1023 2558 invehor.
1060 2506 1105 2555 Di·

145 2597 206 2629 πων
226 2578 242 2644 ᾖ
266 2578 279 2627 d
304 2578 455 2630 ἀκολουθῶν·
485 2581 560 2631 Arist.
609 2590 670 2647 serte
691 2582 743 2633 bno
761 2580 885 2646 distinguit
903 2580 1003 2637 Plinius,
1020 2595 1106 2645 paneg.

145 2653 217 2702 ii.2³.
232 2653 559 2709 Sictomesdicetsortennl·
610 2671 665 2720 cap.
687 2657 736 2705 tt:
763 2657 845 2705 “dum
865 2654 909 2703 boc
933 2654 1019 2718 ipsum,
1041 2653 1105 2718 quod

145 2744 174 2778 ns
186 2726 237 2786 ire,
252 2725 359 2775 similiter
369 2731 401 2774 rio
410 2745 495 2791 qnoque
508 2727 558 2778 viii.
609 2729 727 2794 ingressus
736 2744 771 2785 es,
784 2744 857 2794 quam
868 2727 952 2775 mirum
964 2727 1104 2791 letumque!

148 2800 216 2852 dibi.
225 2802 312 2849 Ausum
318 2803 509 2864 eodemquaenos,
518 2818 558 2851 ex·
609 2802 673 2851 Nam
689 2802 777 2868 priores
791 2801 871 2850 invehi
888 2800 994 2850 solebsnt
1010 2800 1106 2865 quadri·

145 2882 241 2925 neutra
251 2874 356 2923 hostilia.
377 2875 490 2924 Heinsius
500 2891 557 2925 con-
607 2877 666 2941 jugo
679 2892 749 2925 curru
759 2887 784 2925 ot
794 2874 931 2924 albentibus
940 2873 1033 2938 equis.”
1064 2873 1105 2924 ste

145 2965 209 2997 usum
224 2950 300 2996 eodem
314 2950 383 2996 nobis.
417 2949 455 2997 De
471 2949 560 2998 Dolone
608 2951 680 2999 etiarn
702 2950 816 3014 Ulyssem
844 2949 899 2998 hino
922 2951 982 2997 letos
1002 2951 1107 2999 irritante

145 3021 228 3072 dver.
244 3023 284 3070 98.
318 3022 412 3086 Perfida
428 3022 505 3086 Troia,
520 3025 558 3072 uel
609 3025 745 3086 triumphet:
776 3023 819 3073 sed
839 3022 942 3072 Ovidius
961 3021 1049 3070 oblitus
1069 3022 1107 3071 sui

145 3096 193 3146 sris
199 3094 293 3160 hospitii
297 3095 351 3160 jure
358 3095 445 3145 violato
455 3097 558 3162 perfidus
608 3098 718 3163 Ulyssem
728 3097 787 3146 fscit
797 3096 943 3146 Romanum.
979 3095 1016 3144 De
1028 3095 1105 3146 reditu

145 3181 160 3220 t.
176 3169 198 3220 1.
212 3168 260 3218 Od.
272 3186 311 3217 xv.
325 3171 347 3225 l,
360 3169 400 3232 2.)
412 3171 449 3219 vel
463 3180 559 3237 propter
609 3171 765 3236 Ulyssisoum
774 3170 941 3220 curruvidell.
950 3175 984 3219 K.
995 3171 1042 3218 49⁷
1049 3186 1104 3234 sqq.

145 3243 172 3294 nd
184 3244 220 3293 xi.
236 3245 284 3292 205
297 3260 350 3309 sqq.
369 3254 488 3293 narratum
505 3254 556 3294 est:
641 3248 697 3296 253.
715 3246 800 3302 Hostis,
821 3246 911 3302 Dolon,
929 3260 1003 3309 quum
1020 3260 1105 3310 specu·

145 3317 266 3386 pnesylrie
278 3334 331 3367 eom
346 3320 391 3367 sibi
408 3319 503 3369 laudem
514 3320 558 3369 soli
608 3321 669 3369 lator
679 3319 819 3377 mitteretur,
829 3336 870 3382 pro
882 3329 954 3376 nocte,
967 3334 1008 3383 pro
1023 3319 1106 3385 explo-

145 3391 558 3457 rt‚eujus,secundumHoureru1n,
608 3394 698 3443 ratione
719 3393 762 3441 illa
783 3400 899 3442 nocturna
917 3409 982 3456 quos
1002 3392 1106 3443 Achillis

145 3483 165 3517 ιι
173 3482 228 3533 pars
239 3466 370 3515 debebatur
381 3467 501 3516 Diomedi.
609 3467 710 3533 pretium
720 3466 834 3534 poposcit.
852 3467 951 3517 Homer.
965 3467 996 3516 11.
1006 3473 1039 3517 K.
1050 3469 1107 3517 392.

145 3542 281 3592 rmum
302 3557 353 3588 cum
376 3542 444 3589 uude
465 3545 557 3596 renuti,
609 3542 744 3607 Virg.AEu.
760 3540 804 3590 rii.
819 3541 868 3591 ³46
881 3557 943 3606 sqq,
959 3541 1105 3592 contollam

145 3614 336 3679 uri-,verquam
348 3614 404 3662 min
415 3629 444 3662 ex
455 3614 558 3663 nermo
608 3617 704 3675 umor,
722 3616 761 3665 n.
777 3617 826 3665 ono
836 3635 843 3676 ;
861 3617 933 3666 roo.
950 3617 999 3665 ru.
1016 3602 1105 3666 rous.

145 3705 214 3738 ieram
230 3689 285 3751 (siti
297 3692 436 3749 promittere,
451 3704 493 3753 pro
505 3705 558 3753 spo·
609 3693 681 3739 Arm
696 3701 778 3756 negate
796 3693 852 3739 mibi
870 3691 935 3755 justo
952 3690 1106 3755 impetuosius

145 3763 206 3812 uisui
223 3762 256 3809 xi.
272 3761 343 3821 662.)
362 3762 399 3810 vel
416 3777 488 3826 quam
501 3762 558 3810 mibi
608 3765 700 3814 dictum
711 3773 755 3821 est,
770 3773 794 3813 et
805 3764 890 3813 melius
901 3764 1036 3812 conveniret
1045 3764 1106 3812 irato

151 3838 320 3904 promiserant:
340 3852 424 3902 nempe
439 3838 558 3886 Nestorei
608 3839 688 3904 Ajaci,
713 3855 785 3903 quam
803 3837 934 3888 blandienti
961 3837 1106 3886 auditoribus

145 3920 199 3961 erat
216 3910 281 3978 μέγα
298 3909 377 3969 κλέος,
396 3911 429 3960 ΙΙ.
451 3917 483 3961 K.
502 3914 560 3960 212.
610 3912 705 3978 Ulyasi3
722 3927 800 3976 neque
808 3912 847 3960 hic
856 3912 930 3960 habet
941 3916 1105 3973 argumentum

145 4001 203 4035 use
220 3984 381 4051 compluribus
397 3985 487 4049 recepit
501 4003 558 4050 γνι-
607 3988 713 4052 justum:
737 3988 802 4034 Date
823 3986 881 4034 mibi
901 3999 967 4032 arma
987 3979 1106 4036 Achillis,

162 4061 225 4111 idem
246 4070 270 4110 et
286 4064 410 4122 promerito
429 4058 475 4124 logi
493 4076 560 4127 posse
610 4063 671 4110 curl
688 4059 810 4125 qniaeurn
821 4055 1013 4123 cepi,quiequo⁸
1021 4052 1104 4102 nenn-

145 4143 170 4184 ιτ.
203 4137 385 4188 Promissam
398 4129 561 4185 laudrraemrti
611 4135 641 4183 lis
660 4143 807 4200 poposcerat.
846 4133 875 4181 Iu
896 4129 972 4190 verbis
984 4129 1107 4202 fueritque

147 4211 177 4259 L.
192 4211 238 4261 lv.
707 4207 749 4254 Tr
