2774 5004
352 337 823 404 METAMORPHOSEON
846 339 938 406 LIB.
959 339 1043 405 XV.
1152 341 1234 441 465.

160 509 320 583 Cornua
336 508 459 584 fronte
476 511 584 606 gerit,
604 535 718 608 quem
735 511 840 584 vobis
858 512 1001 587 indicat
1017 537 1147 609 augur,

163 624 209 697 Si
231 625 393 698 Romam
411 625 569 710 intrarit,
587 625 784 698 famularia
795 627 883 722 jura
899 628 1087 701 daturum.

163 739 239 812 llle
257 740 411 836 quidem
430 741 551 837 potuit
568 752 695 838 portas
712 741 917 839 irrumpere
935 754 1105 840 apertas:

167 854 247 927 Sed
265 878 339 928 non
357 855 584 939 obstitimus,
604 856 774 952 quamvis
792 858 1027 952 conjunctior
1042 858 1107 930 illo
1142 861 1216 932 599

167 969 293 1043 Nemo
312 970 401 1042 mihi
420 983 498 1044 est:
517 995 583 1043 vos
604 970 707 1045 Urbe
725 972 844 1043 virum
863 972 1071 1068 prohibete,
1091 971 1217 1055 Quiri-

168 1082 253 1171 Vel,
274 1084 306 1156 si
323 1085 459 1180 dignus
478 1085 560 1170 erit,
581 1086 755 1180 gravibus
772 1085 910 1158 vincite
927 1086 1091 1174 catenis;
1126 1088 1214 1181 [tes,

168 1198 250 1272 Aut
265 1198 368 1271 finite
387 1210 530 1272 metum
547 1199 669 1272 fatalis
688 1212 807 1272 morte
824 1200 1014 1297 tyranni.''

169 1313 307 1397 Qualia
324 1314 537 1400 succinctis,
557 1314 621 1385 ubi
640 1325 726 1386 trux
744 1314 911 1386 insibilat
929 1313 1064 1398 Eurus

167 1426 367 1500 Murmura
384 1428 520 1525 pinetis
538 1427 653 1515 fiunt;
683 1438 749 1500 aut
767 1427 894 1524 qualia
910 1427 1049 1500 fluctus

167 1542 349 1639 AEquorei
367 1542 521 1628 faciunt,
540 1543 572 1614 si
590 1542 675 1639 quis
694 1543 825 1640 procul
843 1543 971 1616 audiat
989 1543 1092 1631 illos;
1139 1546 1213 1617 605

165 1656 261 1730 Tale
279 1668 388 1730 sonat
404 1657 586 1755 populus:
616 1658 684 1731 sed
701 1681 768 1755 per
785 1658 943 1732 confusa
959 1658 1151 1732 frementis

166 1773 296 1846 Verba
314 1784 441 1846 tamen
458 1772 559 1868 vulgi
576 1796 650 1844 vox
668 1773 808 1845 eminet
826 1797 911 1858 una,
933 1772 1068 1857 “Quis
1086 1774 1149 1847 ille
1161 1771 1200 1846 l”

168 1886 221 1960 Et
238 1896 411 1985 spectant
427 1887 579 1972 frontes,
595 1887 851 1984 praedictaque
869 1912 1010 1961 cornua
1028 1898 1214 1986 quaerunt.

169 2001 318 2074 Rursus
340 2003 389 2075 ad
413 2002 481 2074 hos
505 2003 647 2100 Cipus3
679 2012 701 2042 ‘⁴
719 2003 842 2087 Quem
866 2004 1058 2102 poscitis,''
1078 2005 1214 2101 inquit,

320 2125 344 2155 ‘⁴
361 2116 546 2203 habetis‚‘’
1141 2125 1215 2196 609

168 2232 232 2317 Et,
251 2233 406 2329 dempta
423 2232 548 2329 capiti,
568 2236 709 2331 populo
726 2239 961 2334 prohibente,
981 2260 1129 2322 corona,

169 2345 353 2419 Exhibuit
371 2345 520 2442 gemino
539 2348 737 2445 praesignia
753 2361 925 2448 tempora
942 2373 1070 2422 cornu.

168 2461 365 2534 Demisere
384 2461 513 2532 oculos
530 2485 673 2546 omnes,
693 2464 951 2559 gemitumque
969 2462 1121 2548 dedere,

166 2575 294 2672 Atque
312 2575 404 2647 illud
422 2575 564 2648 meritis
582 2576 723 2649 clarum
742 2577 845 2675 (quis
863 2577 1016 2650 credere
1034 2575 1154 2672 possit
1165 2576 1196 2668 ἲ)

168 2688 281 2763 Inviti
298 2691 424 2763 videre
442 2700 577 2787 caput:
607 2714 676 2763 nee
694 2691 835 2765 honore
853 2714 980 2764 carere

168 2805 339 2879 Ulterius
357 2806 472 2903 passi,
491 2804 625 2878 sestam
643 2804 855 2904 imposuere
872 2828 1061 2879 coronam.
1138 2807 1213 2876 615

168 2919 220 2992 At
237 2943 424 3017 proceres,
445 2919 623 3016 quoniam
642 2943 768 2992 muros
785 2920 924 2993 intrare
942 2917 1092 3003 vereris,

168 3034 283 3106 Ruris
302 3033 472 3107 honorati
490 3045 637 3105 tautum
655 3033 735 3119 tibi,
756 3034 867 3132 Cipe,
887 3034 1038 3119 dedere,

166 3149 359 3234 Quantum
377 3150 557 3246 depresso
574 3147 757 3244 subjectis
775 3149 898 3222 bubus
918 3158 1038 3221 aratro

167 3264 380 3361 Complecti
399 3287 531 3361 posses
549 3263 596 3336 ad
615 3263 728 3336 finem
748 3264 838 3336 solis
856 3264 904 3336 ab
922 3274 1026 3335 ortu:

167 3380 396 3476 Cornuaque
414 3376 550 3463 aeratis,
569 3377 700 3451 miram
718 3377 916 3452 referentia
932 3375 1102 3461 sormam,
1140 3378 1213 3448 620

198 3563 256 3609 603.
268 3560 415 3622 succincta]
436 3560 504 3609 Unus
514 3559 583 3608 [eid.
593 3558 666 3608 hebet
716 3567 800 3618 nempe
811 3548 953 3600 elamoribus
964 3547 1023 3604 suis,
1035 3547 1110 3597 inrito
1120 3549 1217 3614 populo,

168 3634 274 3688 Peliacis,
296 3634 418 3696 eleganter
441 3631 524 3697 judice
546 3631 664 3691 Heinsi03
715 3626 821 3677 Nolebat
837 3623 938 3689 populus
954 3632 1003 3671 tam
1019 3621 1110 3671 clarum
1127 3623 1216 3672 mantin

165 3706 208 3755 sed
225 3708 403 3771 necvulgatum
416 3705 523 3754 damnat.
558 3706 597 3753 De
610 3720 664 3753 suc·
715 3706 788 3763 capul
804 3712 889 3745 corona
905 3695 1000 3760 priwi-
1034 3695 1119 3759 laque
1136 3711 1215 3744 mm·

166 3779 394 3828 cinetigvideadx,
409 3781 462 3827 103.
715 3772 737 3821 ei
756 3776 874 3833 imponunt
885 3770 973 3832 j'estom
992 3786 1105 3817 coronam.
1138 3768 1215 3815 Plano

198 3853 255 3901 610.
267 3853 356 3912 Populo
365 3851 513 3915 probitum]
532 3850 579 3898 Hic
590 3851 664 3898 hase-
715 3845 748 3894 ric
759 3862 781 3893 ce
790 3845 921 3906 probibente
931 3840 1016 3905 legitur
1027 3857 1049 3887 ν.
1060 3843 1102 3888 45.
1129 3838 1216 3902 Populi

164 3935 220 3974 runt
231 3925 382 3989 interpretes:
400 3941 473 3989 quum
485 3925 509 3973 in
519 3925 590 3973 MSS.
600 3923 666 3971 nulla
717 3933 801 3967 senem
819 3933 873 3964 mox
891 3917 952 3963 bene
972 3928 1104 3977 expressum
1121 3910 1163 3959 Sed
1180 3911 1216 3959 5¹¹·

165 4000 315 4055 ritvarietas,
324 4001 473 4048 Burmannus
479 3997 576 4062 conjicit
583 3999 666 4058 poprrlo
716 4003 770 4056 epte
782 3990 901 4045 additum,
913 3990 962 4051 40ῐῦ
972 3988 1062 4035 “m
1071 3986 1139 4046 00944
1146 3985 1156 4029 4
1178 4053 1183 4064 .

165 4078 275 4129 mirante,
285 4083 407 4133 mactante,
420 4073 458 4121 vel
468 4070 545 4119 simile
555 4069 646 4134 aliquid
658 4087 664 4127 ς
749 4065 805 4113 620.
813 4058 1053 4122 raram-portibus]
1067 4056 1212 4104 dnlellelss·

164 4147 243 4195 male:
254 4149 384 4208 probibente
390 4155 427 4193 est
434 4143 554 4208 probibere
564 4143 665 4196 volente,
716 4137 776 4185 sium
796 4134 910 4182 edebatur
926 4134 1024 4186 aurulis,
1042 4129 1107 4195 quod
1121 4128 1215 4204 ,5ΙοοΝ

199 4220 277 4267 von
296 4219 341 4266 1v.
813 4206 861 4253 ³⁰
