2774 5004
166 323 233 391 456
449 322 489 387 P.
511 320 674 397 ovrun
698 321 911 390 NASONIS

166 494 308 569 Mentis
322 494 457 579 habes;
475 519 549 569 uon
560 505 641 571 tota
649 495 775 578 cadet,
785 507 825 571 te
835 497 992 596 sospite,
1001 495 1131 593 TroJa.
1144 501 1211 569 440

165 610 335 687 Flamma
352 610 421 683 tibi
438 609 653 708 ferrumque
671 611 818 687 dabunt
835 612 929 688 iter:
958 612 1045 699 ibis,
1066 622 1107 687 et
1119 635 1192 685 una

165 726 352 822 Pergama
368 736 475 824 rapta
492 725 600 812 seres,
615 725 737 800 donec
756 725 954 825 Trojaeque
973 726 1124 824 tibique

165 839 376 915 Externum
395 841 514 938 patrio
532 840 727 936 contingat
744 841 900 916 amicius
918 867 1063 915 arvum.

165 956 309 1031 Urbem
327 958 458 1053 etjam
476 980 588 1030 cemo
607 955 795 1054 Phrygios
812 957 951 1032 debere
969 968 1153 1056 nepotes;

164 1069 316 1156 Quanta
332 1096 403 1145 nec
421 1082 492 1158 est,
512 1096 581 1145 nec
600 1071 682 1157 erit,
703 1095 772 1146 nec
789 1072 869 1145 visa
886 1073 1075 1170 prioribus
1094 1072 1208 1147 aunis.

165 1187 276 1262 Hauc
294 1188 357 1262 alii
376 1211 548 1286 proceres
567 1212 635 1286 per
647 1188 776 1261 secula
790 1188 903 1285 longa
914 1199 1126 1287 potentem,
1144 1192 1210 1261 446

165 1304 244 1380 Sed
260 1305 452 1378 dominam
471 1328 593 1379 rerum
610 1305 659 1379 de
677 1305 860 1401 sanguiue
878 1315 990 1379 natus
1009 1303 1087 1378 Iuli

163 1418 333 1494 Efficiet:
361 1444 452 1517 quo,
472 1444 590 1517 quum
607 1420 720 1493 tellus
737 1419 809 1494 erit
827 1444 907 1504 usa,
927 1419 1100 1494 fruentur

161 1535 340 1611 AEtheriae
358 1536 481 1622 sedes,
500 1536 714 1633 coelumque
731 1536 804 1609 erit
820 1537 945 1610 exitus
963 1535 1057 1609 illi.”

162 1649 257 1726 Haec
277 1651 465 1726 Helenum
483 1652 667 1726 cecinisse
684 1652 903 1748 penatigero
921 1650 1065 1737 AEnem,
1142 1655 1211 1723 450

162 1763 296 1841 Mente
315 1789 457 1840 memor
475 1766 605 1852 refero,
625 1776 863 1863 cognataque
882 1766 1019 1840 moenia
1035 1767 1146 1840 laetor

160 1881 355 1969 Crescere,
375 1894 414 1957 et
431 1884 571 1958 utiliter
591 1882 805 1980 Phrygibus
823 1882 958 1957 vicisse
977 1881 1179 1978 Pelasgos.

215 1998 276 2072 Ne
290 2012 415 2072 tamen
430 2000 558 2074 oblitis
572 1999 619 2073 ad
635 2009 773 2072 metam
787 1999 941 2073 tendere
956 1998 1070 2094 longe
1127 1999 1211 2093 [est

164 2112 413 2213 Expatiemur
425 2115 555 2210 equis:
576 2114 728 2203 coelum,
739 2126 779 2189 et
790 2113 1046 2211 quodcunque
1061 2114 1135 2186 sub
1153 2113 1213 2186 illo

164 2228 346 2304 immutat
362 2228 511 2316 formas
528 2230 729 2326 tellusque,
744 2242 783 2304 et
796 2229 981 2327 quidquid
1000 2230 1038 2303 in
1059 2229 1124 2303 illa
1142 2240 1210 2303 est.

163 2345 245 2421 Nos
272 2371 425 2445 quoque
452 2372 537 2446 pars
566 2346 707 2432 muudi,
735 2346 930 2444 (quoniam
952 2369 1027 2419 non
1056 2368 1214 2443 corpora

314 2463 448 2548 solum,
1142 2464 1214 2534 456

161 2580 302 2655 Verum
320 2580 432 2654 etiam
445 2579 615 2652 volucres
633 2578 765 2652 animae
783 2603 926 2663 sumus,
941 2579 1058 2674 inque
1076 2575 1212 2650 ferinas

161 2692 370 2769 Possumus
408 2694 462 2767 ire
500 2693 645 2777 domos,
673 2693 939 2790 pecudumque
978 2694 1017 2766 in
1058 2703 1212 2791 pectora

312 2809 423 2883 condi
438 2809 467 2901 3)

194 3045 250 3093 444.
267 3044 319 3092 Jum
331 3060 407 3098 cerno,
416 3059 461 3090 vox
472 3041 661 3090 vaticinantium.

164 3119 251 3168 Debere
262 3117 292 3166 de
303 3118 341 3172 iis,
354 3134 407 3182 quie
420 3116 468 3164 sato
479 3116 596 3163 destinata
611 3131 660 3164 cer·

711 3039 835 3097 rini.''etc.
846 3041 991 3106 Cout.Virg.
1000 3041 1153 3106 Georg.i.24
1161 3057 1213 3104 sqq.

743 3118 798 3165 450.
819 3116 942 3181 Permtiger
958 3132 1044 3164 novum
1059 3125 1094 3170 et,
1106 3125 1132 3163 ut
1148 3114 1212 3162 vide-

161 3192 251 3241 tiesime
263 3199 377 3239 eventura
388 3199 450 3238 nunt.
478 3188 544 3238 Idem
555 3189 662 3237 Helenus

115 3273 119 3285 '
162 3268 247 3316 AEueae
270 3265 333 3331 apud
355 3263 422 3328 Virg.
443 3263 468 3312 d.
488 3263 504 3311 l.
526 3277 575 3311 ver.
597 3264 659 3311 462:

164 3341 226 3390 Vnde
236 3358 286 3404 age,
297 3350 319 3388 et
330 3343 444 3404 ingentem
453 3338 529 3402 sactis
537 3336 581 3402 fer
591 3340 622 3384 ad
632 3355 660 3385 c·

163 3415 227 3463 theru
240 3414 340 3476 Trojum.

194 3489 250 3536 447.
293 3489 437 3535 Seu-naras
469 3487 518 3535 luti
547 3484 660 3550 Efficiet]

161 3562 280 3611 Adulntur
292 3561 408 3625 Augusto.
437 3562 559 3609 Terrarum
570 3564 660 3608 domim

159 3637 240 3686 Roma
256 3635 321 3683 dicta
335 3645 370 3683 est
387 3645 412 3682 et
426 3635 493 3695 aliis3
512 3636 618 3683 Frontin.
630 3635 660 3683 de

161 3709 304 3777 Aquaeduct.
339 3715 355 3736 “
367 3708 462 3772 Regina
473 3719 497 3757 et
513 3708 609 3756 domina
624 3724 660 3755 or·

159 3787 205 3844 bis,
222 3801 275 3850 quae
297 3792 410 3831 terrarum
428 3782 483 3830 Dea
503 3781 659 3846 gentiumque

159 3859 275 3914 consistit,
286 3857 324 3906 cui
336 3872 378 3922 par
389 3855 456 3913 nihil,
468 3866 492 3904 et
503 3855 562 3903 nihil
574 3871 658 3904 secun·

159 3935 241 3985 dum.’'
277 3932 335 3987 Quo,
347 3949 416 3994 qutun
435 3932 510 3986 teitus,
522 3938 569 3977 etc.
601 3930 657 3978 Jam

159 4009 254 4058 additur
269 4005 401 4072 apotheosis
412 4004 524 4069 Augusti.
538 4004 657 4059 iloratius.

159 4083 181 4130 1.
194 4083 244 4130 Od.
255 4081 280 4130 ii.
292 4082 337 4129 45:
357 4082 455 4129 “Serus
474 4079 497 4127 in
516 4079 605 4128 coelum
622 4094 657 4126 re·

158 4153 656 4220 dmdiuqueLatusintcrsispopuloQui-

711 3198 756 3246 tur,
768 3191 798 3238 ab
817 3189 905 3239 Ouidio
920 3189 1011 3238 sactum
1027 3190 1151 3254 epitheton
1168 3191 1211 3237 Ἑ-

711 3278 770 3319 nere.
783 3264 824 3329 qui
834 3264 938 3311 Penates
947 3263 1030 3311 intulit
1040 3263 1119 3311 Latio.
1155 3264 1211 3326 Cug-

711 3346 775 3391 aotu.
794 3336 855 3385 dixit
873 3346 1006 3401 propterea,
1029 3336 1088 3401 quia
1108 3345 1211 3401 tempore

710 3409 804 3474 Trojaui
816 3409 872 3459 belii
880 3409 1035 3475 Euphorbum
1043 3425 1071 3458 se
1079 3411 1151 3459 fuisse
1158 3410 1210 3474 jac·

711 3483 777 3531 tabat
789 3483 942 3548 Pythagorae.
1201 3538 1203 3542 Α

744 3560 800 3607 453.
821 3559 857 3606 Ne
872 3569 946 3605 tomen
961 3558 1044 3613 oblitis,
1055 3557 1119 3620 etc]
1141 3556 1210 3604 Pero·

711 3631 778 3689 ratio,
789 3649 837 3697 qun
848 3632 916 3689 redit,
925 3630 988 3680 unde
999 3647 1048 3679 ver.
1058 3633 1114 3679 143.
1124 3631 1211 3694 digres-

710 3722 750 3754 sus
761 3716 819 3761 erat,
832 3705 862 3754 ud
873 3721 939 3755 esum
950 3705 1068 3753 carnium.
1106 3705 1211 3765 Euporie·

710 3798 762 3828 metr
779 3784 851 3844 equis.
887 3781 954 3843 Virg.
970 3781 1059 3844 Georg.
1075 3780 1101 3828 ii.
1116 3781 1172 3828 541.
1182 3778 1211 3825 de

708 3855 873 3904 seadmotam
884 3853 1011 3903 tendente:
1031 3853 1212 3904 “Seduosim-

709 3944 815 3977 mensum
837 3927 919 3992 spatiis
940 3927 1088 3976 confecimus
1112 3943 1210 3991 equor:

708 4003 739 4051 Et
753 4004 805 4068 jam
820 4011 913 4068 tempus
928 4017 1018 4066 equum
1034 4001 1152 4051 fumantia
1167 4002 1213 4049 soi·

708 4093 762 4125 vere
773 4076 863 4125 colln.”
900 4075 1014 4129 Volneret,
1023 4091 1078 4140 qum
1088 4082 1212 4124 transeunt

707 4166 735 4198 er
748 4149 794 4198 aiio
804 4165 899 4216 corpore
910 4148 934 4197 iu
946 4148 1020 4198 uliud.
