2774 5004
174 343 240 408 474
463 338 503 404 Ρ.
526 334 686 404 OVIDII
710 333 923 401 NASONIS

177 514 308 587 Ullum
319 513 441 608 majus
455 533 563 608 opus,
575 531 690 606 quam
700 508 804 606 quod
820 517 927 606 pater
938 507 1073 582 extitit
1085 508 1203 605 hujus.

177 629 334 704 Scilicet
350 650 548 725 aequoreos
566 627 652 724 plus
667 636 726 700 est
743 625 934 698 domuisse
953 622 1177 708 Britannos,

174 745 327 841 Perque
345 740 548 842 papyriferi
567 741 793 840 septemflua
808 740 965 814 flumina
984 739 1068 815 Nili

174 860 360 934 Victrices
377 858 502 955 egisse
519 869 632 944 rates,
653 857 918 954 Numidasque
934 857 1118 941 rebelles,
1199 875 1202 880 ’

176 975 486 1073 Cinyphiumque
497 974 520 1048 J
523 976 648 1061 ubam,
664 974 999 1069 Mithridateisque
1014 984 1218 1046 tumentem

175 1089 402 1164 Nominibus
417 1090 595 1174 Pontum,
606 1090 747 1188 populo
765 1087 950 1185 adjecisse
968 1086 1136 1174 Quirini,
1156 1088 1219 1161 756

174 1204 227 1280 Et
244 1207 382 1281 multos
400 1207 593 1292 meruisse,
614 1205 762 1303 aliquos
780 1204 904 1300 egisse
920 1202 1153 1299 triumphos,

173 1320 298 1405 Quam
315 1332 463 1395 tantum
480 1322 656 1416 genuisse
672 1320 805 1405 virum,
825 1342 901 1414 quo
918 1317 1084 1414 praeside
1103 1338 1218 1389 rerum

172 1435 350 1511 Humano
367 1436 507 1533 generi,
523 1436 672 1535 Superi,
690 1433 844 1509 caristie
858 1432 1028 1506 abunde.

172 1549 210 1624 N
212 1576 234 1625 e
251 1551 346 1626 foret
363 1552 424 1626 hic
442 1551 554 1649 igitur
566 1552 714 1626 mortali
731 1550 875 1624 semine
891 1558 1032 1632 cretus,
1151 1549 1215 1619 760

171 1664 242 1740 Ille
261 1666 367 1740 Deus
385 1665 580 1740 faciendus
595 1676 697 1740 erat:
724 1665 827 1762 quod
841 1674 885 1737 ut
902 1687 1017 1737 aurea
1034 1662 1131 1735 vidit

171 1781 301 1856 AEneae
319 1783 507 1879 genitrix3
536 1783 629 1857 vidit
645 1806 798 1880 quoqne
816 1781 921 1854 triste
939 1779 1065 1876 parari

173 1896 351 1973 Pontifici
368 1899 499 1985 letum,
518 1912 559 1973 et
575 1901 771 1996 conjurata
787 1921 892 1973 arma
907 1897 1064 1969 moveri.

174 2010 328 2096 Palluit,
341 2023 380 2086 et
397 2014 555 2100 cunctis,
571 2024 613 2087 ut
623 2015 761 2111 cuique
771 2024 852 2088 erat
869 2012 991 2097 obvia,
1012 2010 1137 2095 Divis,

173 2133 198 2163 ‘⁴
216 2125 395 2224 Aspice,''
407 2128 571 2214 dicebat,
593 2139 617 2169 “
628 2141 772 2226 quanta
789 2129 880 2205 mihi
898 2129 995 2202 mole
1014 2137 1192 2226 parentur

171 2239 338 2328 Insidiae,
351 2253 569 2341 quantaque
584 2258 700 2344 caput
713 2244 1119 2343 cumfraudepetatur‚
1147 2243 1211 2314 766

171 2354 284 2439 Quod
296 2357 345 2431 de
364 2358 555 2433 Dardanio
574 2362 695 2434 solum
713 2361 803 2434 mihi
822 2371 940 2434 restat
958 2359 1057 2432 Iulo.

172 2471 310 2548 Solane
329 2497 479 2572 semper
496 2499 560 2548 ero
576 2476 690 2572 justis
708 2477 878 2550 exercita
892 2475 1016 2550 curis?

170 2586 295 2671 Quam
312 2591 423 2664 modo
441 2589 600 2688 Tydidae
620 2591 836 2690 Calydonia
851 2593 1024 2665 vulneret
1043 2591 1174 2676 hasta3

171 2703 208 2776 N
210 2730 283 2779 unc
298 2706 396 2779 male
408 2707 573 2781 defensae
584 2709 816 2782 confundant
834 2708 970 2781 moenia
983 2705 1126 2802 'l'rojaez
1148 2709 1215 2777 770

170 2817 265 2902 Quae
283 2821 430 2895 videam
449 2834 579 2896 natum
597 2824 718 2919 longis
737 2824 922 2898 erroribus
938 2833 1065 2894 actum

167 3052 283 3099 domuisse.
306 3052 406 3101 lentius
414 3060 488 3103 totum
500 3054 578 3102 locum
591 3070 665 3119 usque
716 3057 832 3107 esest.
866 3057 970 3108 Cauniis,
985 3053 1150 3118 prospexistis,
1163 3069 1215 3101 con·

168 3122 199 3171 ad
210 3127 299 3172 cavetis
312 3128 403 3174 abunde
417 3125 583 3190 interrogative
593 3129 665 3193 cepit.
714 3129 829 3180 soluistis.
862 3129 942 3192 Vulgo
959 3126 1034 3191 (etin
1052 3127 1138 3191 Regiis
1152 3126 1215 3175 codi-

167 3197 215 3247 sed
231 3198 275 3247 hoc
291 3215 336 3248 non
350 3199 446 3265 patitur,
461 3200 550 3266 opinor,
561 3203 590 3250 τὸ
603 3203 664 3250 scili-
715 3201 796 3263 cibus)
803 3203 899 3267 juvistis
911 3203 1009 3257 munde,
1019 3201 1085 3265 quod
1102 3199 1172 3249 fluxit
1187 3216 1214 3248 er

166 3282 209 3322 cet.
236 3275 315 3324 Vertit
325 3285 404 3323 tamea
415 3274 449 3322 sic
460 3284 485 3323 st
496 3275 597 3324 Rodios.
623 3277 665 3325 AE-
715 3275 906 3340 interpretatione
916 3277 960 3324 τοῦ
968 3277 1068 3323 resistis.
1090 3275 1216 3324 Mitsclrsr-

164 3365 263 3409 quoreos,
285 3364 379 3413 aequore
397 3348 498 3397 cinctos.
540 3349 666 3413 Popymfer
715 3348 801 3397 lichius
823 3350 895 3398 verbs
921 3351 980 3396 uidit
1004 3354 1214 3410 quoque-meri

168 3421 240 3471 Nilus
252 3424 324 3472 etiam
335 3423 405 3472 Trist.
415 3423 464 3472 111.
473 3439 497 3471 x.
506 3424 547 3472 27.
581 3423 665 3472 Numi·
714 3421 788 3485 signis
803 3423 969 3487 perentbcseos
986 3421 1093 3479 inclusit,
1110 3423 1174 3487 quod
1192 3433 1214 3471 et

166 3497 206 3542 das
219 3499 318 3552 rebelles,
330 3497 370 3561 qui
382 3498 468 3561 jugum
484 3497 588 3562 recipere
599 3497 663 3546 nole·
715 3496 755 3544 slii
766 3496 858 3546 iecere:
875 3498 945 3552 mele,
956 3512 1012 3545 nsm
1025 3499 1114 3558 polluit
1130 3498 1213 3547 adhoc

165 3568 232 3624 bunt,
243 3570 285 3617 sed
301 3585 393 3634 semper
407 3571 568 3625 excutiebant.
580 3572 665 3636 etqui,
714 3571 846 3619 membrum
856 3569 967 3634 pertinet.

165 3641 228 3690 Jube
255 3642 326 3698 duce,
347 3658 412 3690 erma
438 3654 520 3692 contre
547 3645 665 3694 Cesarem
748 3644 1151 3710 769.Quamaoryerae,ess]
1168 3647 1213 3694 Ve-

166 3725 325 3781 sumpeerunt.
360 3716 506 3779 Cinyphiam,
518 3718 665 3774 Africanum,
715 3717 894 3767 nnsvulnerats
914 3717 1040 3766 Diomedis
1055 3718 1133 3767 basis.
1167 3719 1213 3767 lio-

165 3807 180 3841 s
202 3790 296 3858 Cinyps
317 3790 405 3839 Airicae
429 3790 517 3849 lluvio;
543 3791 585 3840 vii.
607 3794 663 3840 272.
714 3790 949 3846 nerasluaaae.
969 3791 1041 3839 Betis
1049 3791 1125 3842 dubet
1135 3792 1211 3856 legen·

166 3866 308 3923 Nominibus,
329 3865 404 3930 glorie
423 3873 448 3912 et
467 3865 538 3913 lema
573 3867 665 3929 Aliqws
713 3865 781 3922 dnm,
799 3868 917 3914 vulneret.
947 3866 1095 3929 Calydonia5
1112 3867 1166 3916 vide
1183 3868 1210 3914 sd

163 3943 241 4004 egisse.
259 3939 393 4005 Quinquies
399 3937 551 4004 triumphavit
561 3957 567 3998 3
578 3955 663 4004 nempe
714 3939 762 3988 xiv.
770 3940 826 3989 513.
852 3940 1011 4004 confundant,
1022 3941 1115 4005 pudore
1124 3941 1210 3991 sullan-

162 4024 249 4076 quater
265 4014 349 4063 eodem
370 4028 450 4062 mense
471 4022 524 4077 poet
544 4012 663 4062 devictum
714 4012 780 4062 dent.
816 4014 994 4071 Cominiume,-
1012 4014 1211 4079 esenimisopul-

164 4086 305 4150 Scipionem,
321 4097 346 4138 et
366 4104 444 4137 rursus
463 4088 537 4135 semel
553 4096 608 4152 post
623 4104 660 4136 su·
713 4102 753 4136 eus
762 4088 855 4136 Turnus
864 4103 928 4137 erma
939 4096 1055 4137 moverat.

162 4168 256 4220 perator
276 4160 382 4225 Pompeii
402 4161 505 4215 libems;
527 4161 661 4218 Suetonius,
