2774 5004
195 320 666 388 METAHORPHOSEON
689 323 781 390 LlB.
805 325 896 391 XII.
1004 327 1078 392 295·
1106 312 1109 317 ⁵

140 520 172 585 a,
189 496 444 596 Tlepolemus,
461 495 572 595 Pylio
590 496 786 584 referente,
805 498 973 573 dolorem

140 612 209 686 uiti
226 612 371 686 Alcidae
391 612 508 686 tacito
526 636 600 684 non
619 613 774 710 pertulit
790 637 854 686 ore
867 641 892 702 ;-

140 754 151 802 a
171 729 247 802 ait:
270 735 294 766 “
314 726 513 802 Herculeae
533 728 668 801 mirum
686 739 745 802 est
760 728 900 802 oblivia
913 729 1035 804 laudis

139 843 222 929 tibi,
242 843 387 917 senior:
414 853 517 916 certe
535 844 625 917 mihi
644 867 745 941 saepe
763 842 900 918 referre
1000 850 1075 919 540

140 981 251 1054 genas
268 958 431 1031 domitos
450 983 473 1032 a
490 983 531 1033 se
549 971 656 1058 pater
674 960 756 1058 ipse
774 960 955 1033 solebat.”

142 1073 227 1147 sad
246 1074 326 1147 haec
346 1072 502 1172 Pylius:
525 1074 666 1158 “Quid
685 1099 745 1149 me
763 1074 978 1149 meminisse
997 1099 1074 1149 ma-

178 1189 298 1262 lorum

140 1329 161 1390 a,
180 1315 219 1377 et
235 1303 419 1377 obductos
439 1304 546 1376 annis
565 1305 776 1378 rescindere
795 1305 932 1392 luctus,

140 1443 153 1492 e
169 1429 276 1492 tuum
295 1419 502 1513 genitorem
525 1419 666 1506 odium,
686 1421 924 1516 offensasque
942 1418 1076 1492 fateri?

140 1533 273 1630 [uidem
292 1536 434 1630 majora
451 1534 538 1618 fide,
552 1534 621 1606 Di!
642 1535 770 1632 gessit,
790 1546 829 1608 et
846 1535 975 1609 orbem
1002 1537 1076 1609 546

139 1647 209 1722 evit
220 1649 375 1735 meritis,
390 1651 493 1747 quod
507 1651 657 1724 mallem
669 1674 782 1749 posse
793 1651 919 1748 negari
934 1677 942 1724 :
976 1651 1077 1745 [sum

140 1787 253 1860 reque
273 1763 526 1862 Deiphobum,
547 1790 615 1839 nec
634 1762 922 1864 Polydamanta,
936 1788 1007 1840 uec
1020 1764 1077 1863 ip·

139 1901 200 1951 ora
216 1878 435 1953 laudamus:
461 1881 546 1978 quis
564 1882 664 1955 enim
682 1880 889 1956 laudaverit
905 1878 1079 1954 hostem?

139 2017 209 2066 uus
227 1993 372 2089 genitor
390 1993 583 2069 Messania
600 1996 738 2071 moenia
753 1997 945 2094 quondam

139 2249 150 2283 s
169 2233 195 2282 in
215 2233 321 2298 aquilam
342 2234 532 2284 transformatum
582 2253 661 2293 sanos,
674 2243 776 2302 tempus,
789 2251 840 2284 esse
858 2234 969 2290 maxime,
985 2234 1026 2299 qui
1045 2249 1081 2283 rs·

139 2305 163 2355 it.
186 2306 225 2355 De
236 2307 370 2356 auctoribus
381 2307 489 2357 iab.vide
501 2307 532 2356 ad
582 2326 633 2359 rum
643 2309 780 2358 acerbarum
792 2324 887 2357 sensum
899 2307 998 2357 leniant.
1031 2307 1080 2356 rte-

139 2384 152 2429 1.
582 2383 635 2447 gius
652 2382 727 2431 codex
746 2381 778 2430 A.
798 2384 932 2438 rescirem,-
956 2380 1031 2429 codex
1049 2382 1080 2429 11.

139 2453 275 2515 Tlepolemum
285 2454 394 2502 Herculis
401 2464 434 2510 et,
444 2464 469 2503 ut
480 2455 532 2520 plu·
582 2466 695 2505 reterns.-
712 2455 757 2504 boc
767 2455 865 2503 verbum
876 2454 907 2502 ab
918 2463 967 2502 arts
980 2453 1082 2502 textoria

139 2527 211 2582 dunt,
227 2527 361 2592 Astyoches
378 2528 448 2585 lilius,
461 2528 533 2577 inter·
582 2530 698 2595 petitum:
711 2528 748 2576 bis
756 2525 900 2593 metaphoris
908 2526 1005 2591 quidem
1016 2542 1080 2592 saepe

139 2601 235 2665 aymnio
246 2600 373 2656 avunculo,
384 2601 414 2649 ad
426 2601 534 2650 Rhodios
584 2611 681 2650 utuntur
692 2598 779 2655 Greci,
787 2599 893 2663 inprimis
907 2599 986 2653 Plato,
998 2597 1023 2646 in
1034 2598 1080 2647 Po-

139 2682 169 2728 at,
188 2688 287 2737 quorum
305 2688 377 2720 naves
393 2683 475 2739 postea
491 2674 533 2722 ad·
583 2676 666 2734 litico;
688 2672 731 2722 sed
752 2672 808 2721 huic
830 2672 882 2721 loco
904 2687 950 2720 non
970 2672 1081 2721 convenit

139 2744 245 2810 l'rojanos
258 2744 340 2805 duxit;
358 2746 485 2801 Homerus,
503 2746 533 2794 ll.
584 2759 690 2804 retexere,
707 2761 761 2794 nam
781 2748 858 2792 luctas
871 2747 975 2792 Misetos
990 2743 1081 2792 indicat

139 2833 189 2882 sqq.
214 2818 238 2866 Is
249 2820 355 2875 dolorem,
367 2835 437 2884 quem
448 2820 533 2868 sentie-
584 2823 670 2870 vulnus
686 2828 712 2870 et
725 2818 859 2868 cicatricem
875 2834 928 2883 qna
944 2816 1081 2867 rescindun-

139 2892 227 2956 r,quod
239 2901 535 2958 rerumspatresuo,quo
585 2905 630 2944 tur.
663 2897 730 2944 Lars.
781 2891 893 2957 Offrusss,
921 2890 1008 2957 quibus
1044 2907 1082 2941 me

139 2984 142 3011 ι
155 2965 219 3029 apud
230 2964 332 3013 Pholum
347 2974 405 3022 erat,
416 2974 535 3029 gestarum
585 2969 676 3018 afflixit.

139 3039 229 3087 ntauris
239 3038 283 3101 (de
299 3040 385 3103 quibus
396 3039 449 3088 vide
461 3039 535 3105 Apol·
617 3045 674 3092 545.
692 3043 735 3098 Di,
747 3042 779 3090 Di
794 3044 872 3104 magni
887 3047 929 3088 aut
941 3043 991 3088 bessi
1004 3039 1081 3088 solen-

139 3128 164 3162 v.
174 3113 210 3170 4.)
222 3112 363 3162 mentionem
372 3113 461 3162 nullam
475 3115 535 3162 lece·
586 3117 622 3166 nis
632 3115 774 3166 exclamatio
790 3114 814 3163 in
825 3113 934 3162 laudibus
945 3127 1082 3176 magnorum

138 3195 180 3243 tor,
188 3188 260 3235 tacite
271 3188 373 3251 perterre
385 3203 431 3236 non
441 3190 526 3254 potuit.
585 3191 702 3249 virorum3
732 3188 781 3236 vid.
804 3187 916 3235 Heinsius
935 3185 966 3234 ad
984 3185 1083 3234 lleroid.

139 3262 213 3325 Agere
223 3264 305 3308 obliuia
317 3261 417 3318 dietum,
432 3272 457 3310 ut
469 3279 537 3327 agere
587 3262 653 3311 xviii.
678 3263 732 3311 102.
766 3261 847 3308 Orbem
868 3260 969 3321 impleuit
989 3261 1083 3315 meritis,

138 3352 164 3390 s,
174 3333 192 3382 i.
206 3337 262 3383 349.
290 3335 378 3391 Senior,
392 3351 472 3391 senex,
482 3352 536 3400 qum
587 3336 666 3385 multis
687 3333 831 3384 facinoribus
848 3333 879 3381 de
900 3332 991 3389 multis,
1006 3331 1083 3396 iisqne

138 3408 189 3455 atio
216 3416 284 3472 grata
303 3408 401 3457 Grecis.
433 3409 537 3467 Quidam
587 3407 784 3474 disjunctisaimis,
805 3406 872 3456 terris
897 3407 959 3455 bene
986 3404 1083 3454 meritus

159 3491 251 3529 mutata
284 3481 443 3539 distinctione,
470 3499 537 3548 teque
586 3491 632 3531 est.

138 3553 355 3610 Saniorcsrtsmilri,
367 3565 415 3603 etc.
619 3557 678 3606 549.
696 3555 741 3605 lile
760 3567 813 3604 tuus
829 3557 929 3620 genitor,
943 3552 1005 3616 etc.]
1025 3551 1083 3609 Res,

150 3627 262 3675 obductos
278 3629 354 3675 luetur
361 3646 369 3685 ,·
387 3629 485 3677 vulnera
501 3629 537 3677 di·
588 3647 641 3697 quaa
652 3630 691 3679 lric
701 3630 832 3694 attingitur,
843 3643 930 3693 magna
943 3642 997 3676 cum
1009 3627 1084 3675 varie·

148 3699 234 3748 obduci
257 3716 330 3765 quum
350 3702 496 3757 coalescunt,
514 3711 538 3750 et
588 3712 637 3752 tate
664 3713 770 3752 narratur
792 3704 823 3751 ab
845 3700 996 3759 auctoribus;
1022 3697 1085 3748 cont.

138 3779 233 3836 ,quum
253 3789 330 3821 rursus
345 3774 488 3839 aperiuntur,
503 3791 537 3823 re·
588 3779 714 3833 Homerus,
736 3776 768 3823 11.
789 3784 818 3825 Λ.
836 3776 893 3824 691.
913 3773 961 3821 Od.
981 3778 1012 3821 Δ.
1028 3773 1085 3819 280.

138 3862 162 3894 tr.
195 3847 257 3896 Hinc
276 3847 319 3895 illa
333 3849 405 3895 verba
421 3849 451 3896 ad
471 3864 537 3896 reno·
589 3850 669 3914 ibique
689 3849 770 3899 Senot.
788 3850 859 3899 etiam
879 3847 909 3895 ad
929 3845 959 3892 11.
977 3845 1084 3901 133361

143 3920 233 3968 luctum
253 3930 290 3970 sat
317 3922 440 3970 commode
465 3931 539 3969 trans·
589 3924 709 3980 AEliauus,
728 3925 787 3972 Var.
807 3923 871 3970 Hist.
887 3921 920 3967 iv.
940 3921 971 3976 5,
994 3916 1084 3963 Pausa·

138 4009 156 4042 r.
200 3993 265 4042 Olim
288 3995 333 4043 boc
354 3996 406 4043 loco
427 3994 539 4044 edebatur
589 3996 649 4053 nias,
660 3996 836 4060 Ε11ιο.ρ.379.
847 4003 871 4042 at
882 3992 930 4041 516
939 4009 946 4050 ;
956 3986 1084 4051 Apollodo-

138 4082 180 4127 [οη
200 4068 292 4124 lustau
317 4067 359 4116 alii
380 4068 457 4116 aliter.
492 4069 540 4116 Sed
590 4086 638 4125 rus,
649 4070 670 4118 l.
680 4069 800 4130 ix.9;11.
811 4068 891 4125 vita,
906 4062 1025 4126 Hyginus,
1036 4060 1086 4109 fab·

138 4142 327 4192 enesehabet.
354 4142 539 4198 Constatenim,
592 4134 1085 4203 lo.et³128chol.Apollonii.i.156;
1121 4158 1123 4163 ·
