2774 5004
160 343 227 408 453
457 340 495 405 Ρ.
519 339 681 405 ovlolt
706 338 919 405 NASONIS

165 515 307 590 Mutari
324 514 480 587 credant
497 514 682 587 humanas
700 535 824 608 angue
842 510 1042 585 medullas.
1144 514 1212 584 390

163 630 259 705 Haec
275 642 404 704 tamen
421 654 471 705 ex
488 631 571 704 aliis
588 631 735 703 ducunt
751 627 956 726 primordia
972 627 1111 699 rebus:

166 745 254 819 Una
270 757 341 832 est,
360 769 446 842 quoe
463 756 625 843 reparet,
644 768 763 842 seque
781 745 866 842 ipsa
881 743 1101 827 reseminet,
1117 741 1211 828 ales;

164 861 311 960 Assyrii
331 862 514 936 Phoenica
530 874 687 936 vocant:
717 884 791 933 non
809 858 929 956 fruge,
949 881 1022 931 nec
1040 856 1181 940 herbis,

166 976 243 1050 Sed
263 977 356 1050 turis
375 977 550 1062 lacrimis,
569 989 608 1051 et
626 1000 741 1050 succo
758 975 848 1048 vivit
865 974 1017 1048 amomi.

167 1090 260 1165 Haec
279 1092 343 1165 ubi
362 1093 532 1190 quinque
550 1116 628 1165 suoe
646 1092 851 1189 complevit
868 1090 997 1164 secula
1015 1089 1119 1173 vitae,
1147 1090 1213 1159 395

166 1205 279 1281 Ilicet
295 1210 334 1280 in
352 1209 477 1295 ramis,
496 1208 711 1282 tremulaeve
729 1207 927 1280 cacumine
946 1204 1098 1303 palmae,

166 1320 380 1419 Unguibus,
400 1334 440 1395 et
456 1322 581 1419 pando
598 1323 728 1396 nidum
746 1321 817 1394 sibi
835 1321 1020 1393 construit
1038 1342 1119 1392 ore.

198 1508 255 1557 397.
270 1506 323 1554 Una
333 1519 374 1565 est,
383 1524 431 1570 que
441 1517 541 1569 reparet,
550 1506 611 1569 etc]
626 1505 664 1555 De
713 1504 928 1570 eSyriaemporiis
939 1502 1061 1563 advectu,
1073 1517 1140 1567 steps
1149 1501 1215 1551 edan

167 1580 461 1645 Ptnursvmujnsjum
471 1579 589 1628 Hesiodus
598 1594 665 1628 rnen·
714 1579 778 1645 apud
789 1578 890 1644 optimos
899 1586 1009 1627 suctores
1019 1577 1136 1626 occurrit.

166 1654 256 1704 tionem
274 1654 371 1711 fecerat,
390 1664 444 1720 post
465 1654 621 1710 Herodotum,
637 1653 664 1700 ii.
748 1654 805 1702 393.
822 1653 876 1700 Nos
879 1653 966 1716 fruge,
976 1667 1019 1699 nee
1029 1650 1129 1713 turbu]
1148 1649 1217 1699 Clau·

167 1728 208 1777 73.
221 1727 290 1777 multi
307 1738 474 1793 exposuerunt,
489 1745 513 1778 v.
524 1744 546 1776 c.
555 1728 663 1783 Tacitus,
715 1725 811 1781 dianus,
831 1742 879 1774 ver.
893 1726 936 1773 13:
955 1732 971 1752 “
982 1723 1040 1772 Non
1059 1724 1142 1788 epulis
1157 1734 1217 1772 estu·

167 1801 234 1850 Anu.
251 1802 282 1850 ri.
295 1802 327 1849 28
337 1819 345 1860 5
361 1800 463 1858 Plinius,
477 1817 502 1849 x.
521 1803 543 1849 Ι.
579 1801 666 1849 Extsm
715 1797 1219 1856 rmtsmemmoutouribusultismtu

167 1875 238 1924 etiarn
259 1874 308 1924 duo
328 1874 353 1924 in
375 1875 436 1925 benc
457 1891 526 1925 suem
553 1875 667 1930 carmine,
716 1871 1073 1941 probiberesitim;sedpurior
1083 1871 1154 1920 illum
1162 1870 1219 1920 Solis

167 1964 268 2013 quorum
285 1949 386 1997 alterum
402 1949 546 2005 Claudiano,
566 1949 667 1998 dierum
718 1947 793 1996 feruor
807 1945 941 2001 elit,'’etc.
976 1945 1017 1994 De
1029 1963 1116 1994 muro
1126 1942 1218 1994 rideatl

167 2022 294 2070 Lactantio
305 2023 424 2071 tribuitur.
440 2022 601 2071 tribulatores
612 2020 667 2071 iude
717 2037 743 2071 z.
754 2022 813 2070 307.

167 2102 228 2150 oste,
244 2094 301 2158 quis
317 2096 398 2159 φοῖνιξ
414 2096 517 2160 pulmsm
534 2095 668 2160 signidem
750 2096 807 2143 395.
823 2093 880 2143 Hes
894 2095 934 2142 uti
947 2095 1055 2156 quique,
1066 2093 1129 2156 ete]
1147 2094 1219 2142 Hero·

167 2166 300 2231 palmarum
316 2177 395 2216 sutem
411 2184 498 2232 genera
513 2167 623 2233 quedam
638 2184 668 2217 ea
718 2167 801 2216 dotus:
812 2164 1220 2232 reumtnpmumu’trtm

168 2249 224 2290 sunt
236 2250 329 2298 natura,
340 2253 367 2289 ut
381 2257 395 2291 s
410 2252 493 2290 trunco
505 2242 610 2307 ipsarum
623 2259 668 2307 pu·
719 2241 766 2305 (ὥς
784 2239 977 2290 Ἡλιοπολῖται
994 2238 1111 2304 λέγουσι)
1130 2257 1219 2290 sma-

168 2313 598 2380 tresactonovaarborprogerminet.
630 2316 668 2363 ltu
718 2314 817 2364 κοσίυν·
836 2315 930 2378 Oosrp'v
946 2311 971 2362 rt
987 2314 1044 2363 τότε
1061 2314 1220 2378 partireris

169 2387 303 2437 Docbsrtus
316 2389 341 2438 in
357 2389 669 2455 Hierozoico,ri.5.pree·
718 2386 998 2453 oldsoddvpdsrurs'pp.
1026 2387 1142 2437 Tacitus:
1157 2389 1219 2437 “De

168 2471 226 2511 unte
237 2462 415 2517 Plinio.xiii.t.
435 2462 669 2527 Aliiputsnt,bujus
720 2477 817 2511 numero
846 2476 962 2510 sonorum
990 2461 1058 2510 ruris
1089 2462 1220 2518 traduntur.

169 2534 220 2583 evis
229 2535 468 2600 liguramsynrbolum
476 2532 548 2585 luisse
557 2535 668 2600 AEgypti·
718 2536 820 2583 maxime
831 2534 955 2598 vulgatum
970 2534 1155 2598 quingentorum
1167 2551 1220 2601 rpr-

169 2624 244 2665 orum,
253 2611 485 2672 qu0500annorurn
494 2607 614 2672 periodum
626 2624 668 2657 ex·
720 2608 790 2657 tium.
833 2610 894 2657 Sunt
919 2607 961 2672 qui
990 2620 1138 2665 asseverent,
1158 2610 1220 2658 inille

170 2682 305 2747 presserint.
338 2682 396 2730 vid.
407 2683 525 2731 Gatterer.
536 2682 566 2730 tle
580 2682 669 2745 tueog.
719 2684 905 2749 quadringentos
913 2681 1068 2746 sexaginte.”
1084 2685 1221 2734 triacum

170 2757 271 2821 AEgypt.
288 2757 312 2804 in
333 2757 469 2805 comment.
486 2757 540 2804 Soc.
556 2754 668 2818 Gotting.
720 2757 821 2806 Phoenix
836 2756 935 2822 passim.
970 2756 999 2804 ln
1010 2757 1090 2804 numis
1105 2757 1221 2806 interdurn

172 2837 228 2876 tom.
236 2829 276 2876 vii.
286 2844 311 2893 p.
321 2833 352 2878 53
364 2846 383 2878 s.
397 2830 428 2876 Et
441 2829 572 2876 Herodotus
582 2827 669 2876 diserte
719 2840 756 2878 est
767 2831 901 2894 symbolum
913 2830 951 2878 vel
962 2830 1113 2888 aternitatis,
1124 2831 1161 2880 vel
1172 2831 1223 2881 teti·

171 2902 280 2959 affirmat,
291 2919 316 2950 se
332 2918 385 2951 eam
400 2918 446 2949 non
462 2903 540 2957 ndsse,
555 2901 599 2949 nisi
610 2917 623 2950 e
636 2912 670 2949 ts·
720 2907 755 2955 cis
764 2915 895 2971 temporum
906 2907 1077 2966 restitutionis;
1089 2907 1221 2972 vid.8pen·

171 2975 229 3023 bula
247 2976 312 3041 picta
331 2976 537 3041 Heliopolitarum.
572 2977 670 3024 Resemt-
722 2979 784 3029 hem.
798 2980 829 3028 de
847 2996 890 3029 usu
906 2992 932 3029 et
948 2981 1088 3045 prestantia
1104 2981 1223 3029 Numisio.

170 3066 228 3098 narr
245 3051 439 3098 novumverbum
456 3050 487 3097 ad
501 3066 549 3098 rem
563 3048 670 3114 singula·
721 3070 746 3119 p.
757 3056 814 3103 285.
847 3055 973 3111 Quomodo
983 3055 1068 3103 Patres
1082 3058 1223 3105 eausisunt

172 3122 672 3188 remexprimendumsignatum,ecorpore
723 3127 754 3176 ad
776 3128 970 3177 resurrectionem
991 3139 1139 3178 mortuorum
1160 3129 1224 3179 illus·

172 3214 223 3254 suo,
245 3209 365 3263 tamquam
386 3214 400 3247 e
424 3199 523 3254 semine,
545 3198 623 3247 denuo
647 3215 672 3246 se
723 3201 840 3259 trandum,
860 3201 931 3251 docet
952 3203 1066 3252 oratu.
1087 3203 1185 3253 Miscsl.
1200 3220 1224 3269 p.

172 3271 285 3335 gignere:
306 3273 461 3327 Claudianus,
481 3288 531 3320 ver.
548 3274 588 3319 at.
607 3283 673 3334 poter
725 3277 780 3324 179.
825 3275 883 3324 Mox
904 3288 968 3325 recte
989 3277 1089 3326 miratur
1112 3277 1225 3326 Heinsius

173 3347 394 3408 estprolssqttesibi5
415 3344 562 3402 Lactantius,
573 3361 623 3394 ver.
633 3348 672 3393 78.
723 3352 782 3398 ilicis
793 3350 832 3398 hic
846 3350 988 3399 mentionem
1000 3351 1059 3399 lieri.
1093 3351 1151 3417 Ipse
1165 3367 1223 3417 pre·

173 3433 196 3465 se
207 3427 280 3465 tamen
292 3421 340 3480 ipso
351 3431 414 3469 creat
423 3438 432 3477 ,·
447 3419 490 3468 sed
500 3436 550 3468 ver.
563 3420 607 3468 tot
619 3436 672 3484 sqq.
722 3422 767 3472 lert
785 3426 856 3480 ilicet,
872 3424 936 3488 quod
952 3424 1067 3473 Burtbius
1084 3424 1111 3473 in
1128 3426 1226 3474 vetustis

173 3488 273 3538 luditin
288 3491 342 3539 hoc.
376 3495 429 3539 Ales
444 3502 525 3540 autem
539 3494 626 3557 aquilae
640 3492 672 3541 si·
722 3497 898 3562 exemplaribus
911 3498 1005 3563 reperit.
1039 3498 1092 3546 Hoc
1104 3499 1176 3563 igitur
1190 3515 1225 3548 re·

173 3561 237 3610 milis
248 3572 272 3611 et
284 3564 446 3625 magnitudine
458 3575 481 3613 et
491 3566 572 3621 torma,
583 3583 673 3630 pennas
722 3571 837 3636 cepimus.
871 3572 934 3618 Nam
950 3586 994 3619 nec
1007 3571 1095 3619 Oriens
1104 3575 1170 3621 itiesr
1184 3572 1226 3621 lia-

174 3635 265 3683 habens
285 3652 368 3683 aureus
389 3647 413 3684 et
435 3640 524 3686 rubrus.
557 3640 671 3688 Herodot.
722 3645 772 3700 bet,
783 3644 1006 3700 nemsibabuisset,
1014 3645 1162 3711 placuissent
1171 3646 1226 3695 huic

173 3711 271 3773 Assyrii,
281 3710 376 3757 omnino
386 3711 491 3759 Orientis
501 3711 593 3759 incolo.
620 3713 672 3761 Ali·
723 3717 777 3778 svi;
796 3734 838 3767 nec
855 3718 959 3783 denique
972 3718 1099 3768 commode
1117 3720 1173 3769 duo
1189 3736 1226 3769 sr-

173 3792 209 3832 ter
225 3781 372 3838 lactantius,
389 3800 439 3831 ver·
456 3786 501 3831 65:
519 3785 634 3849 “Dirigit
648 3786 672 3834 in
722 3793 791 3841 bores
807 3796 850 3842 ilar
862 3803 886 3842 et
898 3795 975 3855 pulmo
991 3793 1062 3842 simul
1079 3809 1226 3844 commemo-

173 3858 266 3923 Syriam
277 3857 367 3906 celeres
378 3856 485 3921 longeva
493 3856 592 3913 volatus,
600 3858 672 3908 Phoe·
723 3876 812 3914 rantur.
830 3866 975 3920 hetruriae,
986 3881 1034 3914 ver.
1045 3866 1086 3915 69,
1100 3867 1160 3916 Tu„
1170 3870 1226 3934 ugit

173 3931 239 3980 uices
255 3947 341 3980 nomen
358 3931 397 3979 cui
415 3930 482 3979 dedit
498 3933 550 3996 ipsa
566 3933 673 3982 venus.”
722 3944 785 3987 aerio
795 3943 909 3988 rubbmem
920 3943 1124 4001 uertiespulsmr.

173 4006 256 4053 Venus
273 4015 353 4053 autem
372 4004 438 4054 culta
454 4004 479 4054 in
495 4006 672 4070 Syropboenice.
755 4015 812 4063 397.
832 4014 1003 4077 Panda-ore]
1023 4013 1064 4061 Au
1080 4014 1198 4064 Heinsius
1212 4032 1226 4064 e

173 4077 305 4141 Etdsryrii
319 4095 383 4144 sepe
397 4078 527 4144 proSyris3
543 4080 606 4147 apud
622 4081 671 4129 Ho·
722 4087 797 4136 uibus
819 4088 888 4136 MSS.
908 4089 984 4152 primo
1008 4088 1156 4138 (immin,
1178 4105 1227 4137 uno

174 4149 268 4208 ratium,
277 4150 314 4200 ll.
323 4152 372 4201 od.
380 4153 414 4202 xi.
426 4154 464 4202 16.
472 4156 566 4218 Assyrio
577 4158 672 4212 irardus,
722 4161 853 4211 Busiteens.
870 4173 895 4211 et
910 4161 1007 4218 Norico,
1023 4172 1089 4211 recte
1106 4164 1225 4229 teoepen't
