2774 5004
347 333 816 400 METAMORPHOSEON
840 333 933 402 ΗΒ.
955 333 1040 400 XV.
1153 336 1232 403 435-

166 504 261 578 Rite
285 505 431 593 Deum;
462 505 709 604 Delphosque
733 530 851 592 meos,
870 506 1072 605 ipsumque
1095 508 1229 582 reclu-‘

167 619 337 707 AEtbera,
353 633 392 695 et
405 632 574 717 augustae
588 622 763 695 reserabo
779 621 931 695 oracula
942 623 1093 697 mentis.
1113 623 1217 720 [dam

167 734 325 831 Magna,
345 761 415 810 nec
434 737 592 833 ingeniis
610 737 815 833 evestigata
832 736 1010 835 priorum,

167 849 343 948 Quaeque
360 853 425 925 diu
442 855 596 940 latuere,
615 877 769 927 canam:
794 855 904 949 juvat
920 851 974 926 ire
991 877 1058 950 per
1075 853 1154 929 alta

167 964 304 1050 Astra;
329 969 438 1062 juvat
453 969 562 1042 terris
580 980 619 1042 et
636 968 746 1043 inerti
764 969 855 1043 sede
872 966 1026 1054 relictis,
1145 972 1216 1043 148

169 1078 283 1155 Nube
302 1082 400 1168 vehi,
418 1084 607 1180 validique
625 1082 790 1157 humeris
809 1082 983 1157 insistere
1000 1080 1186 1170 Atlantis;

167 1193 427 1294 Palantesque
445 1198 588 1271 animos
607 1198 747 1295 passim
766 1221 809 1271 ac
827 1196 980 1271 rationis
999 1206 1155 1294 egentes

168 1308 403 1407 Despectare
421 1314 563 1409 procul,
576 1314 832 1411 trepidosque,
844 1313 1065 1410 obitumque
1080 1312 1213 1386 timen-

168 1424 235 1497 Sic
253 1427 454 1512 exhortari,
474 1429 687 1527 seriemque
705 1431 873 1503 evolvere
891 1429 981 1503 fati:
1139 1429 1214 1524 [tes

140 1632 150 1647 ι
220 1539 254 1610 Ο
269 1566 388 1636 genus
402 1543 603 1616 attonitum
620 1543 756 1638 gelidae
773 1543 970 1617 formidine
988 1543 1138 1617 mortis!

167 1656 271 1739 Quid
285 1657 418 1754 Styga,
432 1658 523 1754 quid
534 1659 721 1744 tenebras,
733 1658 825 1755 quid
838 1658 990 1731 nomina
1000 1681 1094 1734 vana
1106 1659 1213 1732 time-

167 1770 370 1846 Materiem
387 1786 527 1859 vatum,
545 1772 705 1869 salsique
724 1773 872 1871 piacula
888 1773 1043 1848 mundi?
1134 1773 1212 1871 [tis,

166 1885 338 1984 Corpora
355 1887 433 1960 sive
450 1911 560 1984 rogus
578 1888 741 1974 flamma,
761 1913 827 1961 seu
847 1889 933 1962 tabe
951 1895 1117 1962 vetustas

165 2001 389 2089 Abstulerit,
409 2005 508 2076 mala
526 2028 638 2101 posse
655 2004 734 2102 pati
752 2029 826 2077 non
844 2005 922 2078 ulla
938 2003 1093 2102 putetis.
1138 1991 1211 2078 ‘157

164 2166 267 2213 alterum
284 2167 377 2231 accepit
391 2165 505 2215 Heinsius
517 2181 547 2214 ex
561 2167 665 2229 Berneg.
716 2167 798 2216 xxxiv.
810 2169 834 2216 9.
846 2167 907 2216 dixit
917 2170 987 2216 brata
998 2170 1075 2217 tstlss.
1096 2168 1214 2226 Palenses,

163 2239 261 2286 Tbuan.
272 2239 347 2302 primo
356 2238 444 2287 Moreti
455 2247 480 2287 et
488 2238 548 2287 aliis.
566 2239 665 2297 Priores,
715 2240 757 2304 qui
766 2249 861 2307 propter
876 2256 966 2290 errores
977 2251 1002 2290 et
1014 2240 1157 2306 cupiditates
1166 2240 1214 2290 bne

165 2311 311 2375 antiquiores
328 2311 452 2372 hominm
468 2312 523 2360 vide
540 2311 665 2361 lleinsium
715 2314 773 2362 illuc
794 2323 919 2377 vagantur,
939 2315 1022 2363 relicta
1041 2314 1139 2362 salutari
1161 2314 1211 2364 ria.

166 2383 199 2432 ad
210 2399 260 2431 ver.
271 2385 325 2433 104.
716 2387 833 2451 Respexit
846 2396 925 2436 antem
937 2386 1081 2442 lucretium,
1092 2387 1119 2434 ii.
1130 2389 1147 2435 9
1157 2404 1212 2455 sqq.

202 2459 256 2504 147.
281 2458 354 2505 Jurut
379 2461 413 2506 irs
434 2476 475 2519 per
498 2460 548 2508 alta
571 2457 663 2520 Astra]
715 2460 746 2508 de
763 2460 834 2508 editis
848 2459 994 2524 Sapientium
1011 2458 1119 2524 templis:
1137 2461 1213 2509 “De-

166 2528 280 2579 Heinsius
291 2539 360 2593 putat
370 2546 462 2578 versum
478 2531 604 2579 sublimem
617 2531 665 2579 sore
715 2537 806 2598 spicere
824 2534 887 2581 unde
904 2548 978 2598 queas
994 2532 1061 2587 alios,
1078 2530 1217 2597 passimque

164 2612 191 2652 et
209 2618 326 2659 sonorum,
343 2603 362 2651 si
377 2604 517 2652 rescribatur
532 2621 573 2666 per
589 2608 666 2653 ardus
714 2608 794 2656 videre
815 2608 908 2661 Errare,
930 2615 1002 2671 atqua
1021 2605 1083 2653 viam
1104 2606 1213 2670 palantes

166 2680 246 2732 Astra,
258 2686 284 2724 ut
299 2677 384 2725 ultima
395 2676 463 2726 litera
474 2681 519 2726 τοῦ
532 2681 607 2726 ardus
622 2678 665 2727 eli·
714 2696 817 2745 quarere
836 2680 899 2735 sitm,
917 2680 1013 2729 Certare
1035 2679 1138 2742 ingenio,
1156 2695 1213 2729 con·

163 2751 236 2800 datur
245 2751 277 2798 ob
287 2759 424 2814 sequentem
435 2752 540 2800 vocalem
551 2751 618 2800 initio
627 2768 665 2801 se·
714 2754 811 2803 tondere
827 2752 977 2808 nobilitate‚'’
989 2761 1036 2800 etc.
1052 2751 1125 2814 idque
1141 2753 1213 2818 paulo

164 2823 263 2888 quentis
281 2840 368 2873 sersus.
400 2824 425 2872 Si
445 2825 553 2872 ultimam
572 2825 664 2874 literam
713 2836 766 2891 post
783 2826 864 2876 tribuit
880 2829 984 2883 rationis,
1002 2823 1134 2890 sapienties,
1151 2843 1215 2891 rges·

165 2900 212 2946 τοῦ
219 2896 357 2946 ardsselidi
365 2897 434 2953 nolis,
442 2913 522 2946 versus
532 2897 665 2962 dactylicus
714 2905 768 2949 tati.
801 2902 893 2957 Serism,
905 2910 1045 2964 perpetuum
1061 2915 1140 2948 reram
1157 2916 1211 2950 car·

165 2970 273 3020 manebit
283 2970 364 3034 etjam
374 2971 446 3019 talem
457 2970 558 3020 vidimus
568 2971 593 3019 in
603 2971 663 3020 libro
712 2989 774 3022 suro.
793 2974 909 3029 Evolvers,
919 2987 1040 3032 enarrass3
1052 2973 1211 3037 wlvsrsssto·

164 3046 276 3094 111395.
308 3044 663 3094 luilloetiamlocorerocari-
713 3063 765 3093 rum
789 3063 878 3095 arcana
902 3045 963 3094 dixit
980 3044 1101 3109 Virgilius,
1119 3047 1176 3094 AEa.
1192 3046 1211 3095 i.

163 3133 220 3167 inus
243 3118 368 3167 lectionem
394 3118 511 3175 codicum,
532 3118 662 3167 seeundum
713 3121 770 3169 262.

164 3207 240 3256 quarn
248 3206 328 3240 sersus
336 3208 383 3240 nou
393 3193 468 3241 solum
477 3201 513 3241 est
521 3191 663 3256 dactylicus,
748 3195 803 3242 154.
823 3195 940 3248 Tembros,
956 3191 1023 3240 Orci.
1056 3192 1103 3240 Pro
1120 3193 1212 3241 nomios

162 3264 209 3314 sed
224 3262 296 3313 etiam
313 3265 420 3314 abundat
435 3266 536 3329 syllaba,
552 3281 615 3329 quae,
632 3267 663 3314 ob
712 3268 897 3316 multirumina:
909 3281 1057 3330 nomensaepe
1067 3275 1102 3314 est
1112 3268 1210 3329 figmen-

164 3337 272 3387 vocalem
282 3338 448 3403 subsequentis
460 3355 547 3394 versus.
556 3338 665 3401 eliditur,
713 3349 772 3395 tum,
790 3350 815 3388 et
835 3340 961 3405 opponitur
980 3338 1029 3398 rei,
1050 3337 1173 3394 Horatius,
1190 3340 1212 3389 Ι.

164 3411 211 3460 lroc
222 3419 300 3460 autem
310 3412 361 3460 loco
371 3412 429 3460 nihil
438 3412 576 3461 mutandum
588 3412 663 3461 credi·
713 3413 761 3462 Od.
771 3413 805 3460 iv.
817 3414 857 3460 24.
868 3430 911 3460 nox
920 3411 1055 3475 soboleque
1073 3428 1161 3460 mana:
1178 3412 1211 3460 ibi

162 3501 226 3540 mas,
251 3484 308 3549 quia
334 3484 423 3549 primus
448 3486 580 3549 Hsnrburg.
602 3501 664 3534 unus
713 3486 767 3535 vide
788 3486 898 3534 Lambin.
934 3486 1015 3534 Falsus
1033 3488 1141 3542 mundns,
1154 3487 1211 3536 sub·

163 3559 302 3609 lleinsiansr
319 3558 490 3609 emendationis
506 3559 551 3608 luit
565 3568 663 3620 suctor3
714 3569 842 3615 terraneos.
856 3575 928 3624 quem
945 3559 1064 3608 finxerunt
1081 3568 1106 3607 et
1123 3559 1148 3609 in
1165 3577 1213 3625 quo

162 3634 238 3682 immo
248 3633 336 3682 codicis
350 3634 423 3683 nostri
433 3633 504 3697 Regii
514 3634 544 3680 B.
555 3632 664 3682 librarius
713 3633 868 3681 describendo
882 3633 992 3697 occupati
1008 3640 1142 3683 sustantes.
1174 3633 1212 3682 lbi

163 3708 259 3771 scripsit
266 3712 338 3770 jurat
352 3711 386 3755 irs
400 3724 440 3768 por
455 3716 517 3754 astra
531 3709 590 3763 alta,
604 3715 662 3754 tam·
713 3707 812 3756 crimina
822 3706 847 3755 in
857 3706 948 3771 superis
958 3705 1083 3756 commissa
1091 3709 1153 3768 piari
1161 3723 1212 3756 cre·

163 3796 241 3845 quam
252 3796 346 3829 omnem
357 3780 423 3828 dubii
437 3779 516 3828 locum
529 3780 611 3828 tollere
622 3795 663 3827 vo·
713 3780 829 3829 debentur
856 3779 942 3828 debitia
968 3778 1056 3845 poenis.
1095 3779 1212 3842 Exemplo

162 3852 245 3902 luerit.
271 3855 355 3902 Mente
366 3870 404 3901 me
416 3853 523 3902 attollam
533 3867 606 3918 supro
615 3861 661 3900 ter·
712 3863 767 3903 sunt
789 3853 913 3911 'l'antalus,
935 3853 1014 3908 Ixion,
1036 3851 1126 3914 Tityos.
1158 3851 1210 3899 Noc

163 3942 225 3975 ram.
264 3927 375 3976 Graviter
395 3936 420 3975 et
438 3943 492 3976 vere
512 3930 573 3975 iners
593 3929 662 3975 ndu.
712 3927 864 3991 Pythagorei
879 3926 1008 3990 negabant,
1021 3923 1112 3971 animas
1126 3921 1211 3987 impio·

166 4000 215 4049 Pro
228 4010 250 4049 st
262 4004 332 4049 inerti
343 3999 394 4048 Sisi
403 3999 478 4049 codex
489 4000 562 4048 babet
571 4001 663 4047 mortali
713 4015 765 4048 rum
775 4008 828 4064 post
842 4000 954 4064 repetitas
963 3997 1114 4060 migrationes
1127 4010 1211 4058 poeuas

164 4084 193 4123 nt
213 4073 245 4123 sit
265 4074 391 4140 appositio,
409 4078 476 4123 terris
497 4076 588 4123 mortali
605 4076 663 4131 sede,
713 4073 763 4138 pati
779 4083 852 4138 atque
867 4068 1065 4123 afruiisvesari.
1101 4067 1211 4128 Vetusta,

164 4149 259 4197 relictis.
308 4148 425 4197 Castorum
456 4149 538 4196 Horat.
567 4148 587 4195 l.
616 4145 663 4195 od.
713 4152 831 4194 senectus.
