2774 5004
259 317 731 388 HETAHOBPHOSEON
754 323 846 390 ΗΒ.
870 319 940 389 ΙΧ.
1075 325 1121 394 ffl

134 529 157 581 a
174 518 281 582 metu
299 521 472 609 paveant,
492 510 636 585 OEtaeas
654 511 821 609 spernite
838 512 1024 588 flammas.

137 624 204 696 nia
221 626 289 722 qui
305 624 407 713 vicit,
426 627 564 714 vincet,
583 652 679 726 quos
697 627 864 716 cernitis,
884 630 1012 726 ignes3
1041 632 1117 705 250

134 765 143 811 ι
162 741 238 814 nisi
256 753 425 817 materna
442 743 656 818 Vulcanum
674 757 781 843 parte
798 756 993 843 potentem

135 855 234 930 tiet:
255 868 437 931 {eternum
455 870 526 945 est,
540 881 564 933 a
580 885 641 935 me
658 861 763 958 quod
780 862 907 947 traxit,
923 873 962 936 et
979 886 1116 961 expers

135 995 191 1068 ue
209 971 377 1047 immune
396 974 513 1060 necis,
533 977 712 1073 nullaque
731 976 921 1051 domabile
940 977 1114 1052 flamma:

135 1110 185 1160 ue
203 1111 277 1184 ego
294 1086 517 1163 defunctum
533 1100 633 1164 terra
650 1092 870 1164 coelestibus
888 1091 962 1165 oris

135 1202 273 1300 ipiam,
291 1205 518 1302 cunctisque
535 1227 662 1279 meum
679 1206 845 1279 laetabile
863 1204 1005 1280 factum
1040 1212 1114 1282 255

148 1316 230 1392 fore
248 1319 418 1394 confido:
439 1320 471 1392 si
490 1320 576 1418 quis
594 1331 722 1393 tamen
742 1319 919 1406 Hercule,
939 1320 1077 1417 siquis

135 1446 176 1509 te
196 1434 281 1509 Deo
298 1436 482 1511 doliturus
500 1437 592 1523 erit;
622 1436 714 1510 data
726 1436 886 1534 praemia
902 1437 1027 1523 nolet3

136 1614 140 1624 .
156 1553 344 1627 meruisse
360 1554 440 1627 dari
459 1553 567 1640 sciet,
587 1552 803 1649 inritusque
821 1550 1046 1649 probabit.”‘

136 1690 273 1742 ensere
292 1668 378 1755 Dei,
396 1671 537 1766 conjux
556 1693 710 1767 quoque
728 1668 832 1765 regia
847 1668 928 1741 visa
944 1679 1006 1741 est

136 1792 216 1856 tera
233 1808 308 1857 non
326 1784 432 1872 duro,
451 1785 545 1857 duro
563 1793 690 1858 tamen
709 1784 842 1857 ultima
858 1784 963 1857 vultu
1039 1787 1115 1857 260

136 1898 329 1975 tetulisse
345 1900 464 1988 Jovis,
483 1925 601 1999 seque
619 1901 824 1976 indoluisse
843 1911 1024 1976 notatam.

136 2038 227 2102 eree,
247 2016 503 2118 quodcunque
519 2017 591 2091 fuit
608 2018 825 2121 populabile
842 2017 1015 2104 flamme,

137 2234 153 2283 l.
173 2234 258 2281 Omnia
268 2237 307 2297 qui
321 2235 398 2299 eicit]
415 2236 479 2285 Hinc
491 2239 564 2286 ιἰινὶσ-
614 2235 757 2286 exorabilem
770 2237 884 2287 animum.
912 2236 1012 2292 Contra,
1023 2252 1048 2284 x.
1057 2236 1115 2285 609.

137 2308 224 2356 mre·
234 2316 258 2356 et
266 2306 290 2356 in
300 2311 458 2358 monumentis
468 2308 564 2375 etepud
614 2318 650 2358 ert
661 2312 736 2359 mellis
751 2312 838 2366 vultur,
849 2321 875 2358 et
890 2309 938 2358 111.
950 2309 1019 2358 Pont.
1030 2309 1047 2358 i.
1060 2311 1115 2359 166.

137 2396 153 2430 ι.
189 2380 318 2430 Vulcanum
333 2392 445 2444 potentem
460 2382 564 2447 dignius,
614 2386 724 2432 nooduri
734 2385 820 2432 vollen
846 2383 931 2447 Supte,
943 2382 983 2431 rii.
994 2384 1051 2432 862.
1062 2384 1114 2431 rul-

137 2488 146 2511 .
181 2453 260 2519 iguem
293 2455 410 2522 tepidum.
454 2457 565 2507 Materne
615 2457 839 2513 turmalior,minue
852 2457 935 2506 durus.
970 2455 1115 2510 Cetereuou

137 2528 220 2586 tJere
230 2529 363 2593 genitorum
373 2544 470 2594 corpora
479 2545 509 2578 ex
520 2529 564 2579 du·
614 2530 672 2580 duro
682 2530 751 2580 vultu
768 2529 845 2585 cudit,
856 2531 913 2594 quie
929 2537 1039 2595 posuerat
1055 2530 1114 2578 irem

137 2603 233 2655 ueteris
243 2603 372 2668 composite
382 2612 459 2658 erent.
472 2603 565 2655 morttli
613 2619 627 2654 e
639 2619 687 2654 ver.
701 2607 754 2653 135.
781 2603 886 2651 Auctore
897 2602 1003 2651 Diodoro
1014 2602 1114 2667 adopta-

137 2676 240 2733 mortali,
252 2676 286 2725 ite
301 2686 427 2733 temen,ut
441 2677 564 2743 betprre·
614 2677 649 2727 rit
670 2677 730 2726 edeo
751 2676 889 2724 Herculem.
921 2677 970 2723 Per
990 2684 1043 2722 eret
1062 2676 1115 2740 ejus

137 2757 163 2799 rt.
180 2749 564 2806 Illememetrehebebent,benc
614 2751 685 2801 etiam
707 2751 732 2800 in
752 2750 818 2799 exitu
838 2747 949 2798 Herculis
969 2747 1114 2798 mentionem

137 2822 428 2889 mvidphilmeel.
449 2825 565 2874 Divinum
614 2825 700 2874 t‘ecere.
736 2823 823 2872 Notare
839 2821 967 2885 eleganter,
979 2836 1053 2885 quum
1070 2821 1114 2871 eli·

138 2896 265 2948 rllerculi
281 2897 364 2948 tribuit
379 2899 473 2948 Julieu.
495 2900 565 2950 Oret.
615 2894 1020 2965 quemuonnominemuequidem,
1027 2895 1115 2948 sedite

138 2972 210 3021 ..408
614 2969 1114 3037 describimutdeecribeudoquecerpimur.

138 3044 154 3096 l.
180 3045 325 3112 &semum
352 3057 425 3104 terra,
447 3048 564 3113 superetis
614 3059 640 3096 ut
655 3046 725 3096 lecile
742 3045 838 3111 agnosci
854 3044 936 3110 poerit
969 3043 1061 3102 Cicero,
1072 3061 1114 3110 pro

138 3135 175 3169 ree
190 3119 305 3169 molestiis
320 3130 344 3170 et
354 3121 564 3180 vicissitudinibus,
614 3121 670 3171 Mil.
684 3123 722 3170 18.
731 3119 977 3170 riediritdetcribm.

144 3194 276 3242 subeunde
298 3204 355 3244 runt
379 3195 545 3245 bominibur'
539 3213 564 3246 ru
647 3197 704 3244 262.
721 3195 856 3256 Populubile
871 3208 958 3240 novum
972 3202 997 3240 et
1009 3191 1039 3240 eb
1053 3191 1113 3242 Ori·

170 3268 232 3325 Oris,
243 3266 266 3317 iu
277 3284 338 3318 ores.
615 3269 756 3318 dioiactum
768 3266 922 3316 vocabulum.
940 3265 1043 3329 Insignis
1053 3267 1115 3316 Her-

138 3343 156 3393 i.
172 3342 276 3391 Hercule
293 3353 318 3392 et
340 3348 384 3391 deo
400 3345 477 3392 dolere
495 3345 565 3410 paulo
616 3343 677 3391 culis
688 3342 813 3396 vorecitas.
824 3355 897 3404 quem
913 3339 975 3388 ridet
990 3338 1114 3407 Aristoph.

138 3432 155 3475 t,
176 3416 256 3467 dolere
279 3416 408 3465 Herculem
428 3418 453 3466 in
475 3417 564 3466 coelum
616 3416 681 3465 Rau.
693 3417 733 3465 63.
745 3417 792 3464 557
807 3430 862 3479 sqq.
874 3428 922 3462 uon
932 3413 1026 3462 videtur
1039 3430 1116 3480 popu.

139 3498 199 3546 tum,
211 3500 282 3556 etque
296 3490 355 3539 edeo
371 3491 432 3540 iuter
448 3493 513 3540 Deos
530 3508 566 3542 re·
614 3490 693 3539 labilis
703 3491 774 3538 luisse
784 3507 791 3548 ;
801 3488 902 3537 etenim
911 3488 936 3535 in
947 3487 1010 3537 coelo
1019 3503 1114 3553 quoque

139 3598 148 3612 .
177 3564 236 3612 Hor
247 3566 275 3613 rb
285 3568 323 3613 ud
334 3565 428 3614 turbare
440 3565 566 3615 ridebatur
614 3564 714 3624 meusim
724 3563 897 3618 Callimachus,
905 3561 993 3626 hymno
1001 3561 1032 3610 ed
1041 3562 1115 3612 Dian.

139 3636 187 3685 rllir
196 3646 339 3687 structorem
350 3637 470 3686 cretionis.
503 3639 564 3686 Bur·
613 3639 670 3687 259.
703 3638 791 3688 Confer
811 3638 925 3686 Senecam
946 3636 1043 3684 Ilercul.
1064 3638 1114 3689 (Εἰ.

139 3711 210 3761 malit
218 3714 342 3769 doliturus,
353 3722 375 3760 et
386 3713 431 3761 bec
442 3716 497 3762 dota
506 3730 564 3774 pre·
617 3713 688 3762 1966.
707 3711 802 3776 Effigies
811 3727 853 3776 pro
865 3710 940 3759 forme
950 3709 1038 3775 pestim
1050 3711 1114 3776 tpud

139 3788 199 3842 slah·
212 3788 243 3835 At
254 3790 368 3847 mairie,
379 3796 426 3836 etc.
443 3786 490 3835 Sed
501 3787 562 3836 len-
615 3787 746 3852 Hyginum.
771 3786 842 3834 Illam
852 3792 932 3833 autern
944 3784 1044 3848 effigiem
1054 3801 1114 3849 quo·

139 3869 201 3910 recte
224 3859 290 3918 uidit,
312 3865 369 3911 doro
388 3864 481 3923 premia
504 3863 565 3909 nolet
615 3862 685 3911 modo
713 3861 816 3910 artifices
849 3857 1015 3924 expresserint,
1042 3859 1115 3909 docet

139 3933 180 3984 ein
200 3934 303 3994 labem
326 3936 397 4001 eique
417 3934 502 3985 rationi
524 3951 565 3985 nor
615 3935 745 3984 Winlrelm.
757 3936 790 3984 ll.
802 3936 833 3982 Α.
847 3951 871 3999 p.
885 3934 929 3981 162
945 3941 970 3981 et
983 3935 1039 3982 360.
1056 3933 1113 3980 item

139 4007 297 4058 »moderirnus
307 4009 531 4075 interpunctionem.
616 4009 725 4074 Heyniue
737 4009 760 4058 in
772 4013 864 4072 antiqu.
883 4006 1028 4072 Arrjiaetrem
1040 4007 1057 4052 i.
1072 4007 1113 4055 29.

139 4083 155 4129 l·
172 4081 352 4141 Bursaonum,
363 4084 442 4133 vultus
453 4084 513 4147 ejus.
524 4082 565 4148 qui
617 4086 651 4131 Ab
668 4087 767 4148 imagine
783 4085 871 4138 matris,
889 4097 903 4129 e
922 4089 1005 4134 matre,
1022 4087 1064 4124 eut
1081 4079 1113 4127 eb

146 4158 243 4214 ulma,
254 4157 279 4207 id
290 4166 334 4215 est,
344 4157 485 4207 iracundum
494 4166 520 4207 et
528 4157 564 4207 iu·
617 4167 701 4209 neture
708 4167 824 4207 materne.
841 4156 904 4204 Jooir
910 4155 1112 4217 «argumente,

140 4228 234 4280 r1.1v.
715 4233 738 4279 N
