2774 5004
310 322 376 388 246
602 319 642 385 P.
665 317 825 384 OVIDH
849 318 1060 385 NASONIS

310 492 447 589 Eligit:
476 503 515 566 et
532 515 658 564 rursus
677 493 778 565 molli
798 492 977 589 languore
994 492 1155 576 solutus

310 606 573 704 Deposuitque
591 618 717 705 caput,
730 617 926 703 stratoque
944 606 1158 680 recondidit
1176 606 1348 681 atroam

309 723 381 796 Ille
399 722 509 808 volat,
529 723 650 796 nullos
669 723 848 821 strepitus
866 722 1090 796 facientibus
1111 722 1198 805 alis,
1257 722 1356 818 [ben.

309 837 384 912 Per
401 839 589 924 tenebras,
609 838 782 934 intraque
801 861 913 911 morae
937 839 1050 910 breve
1068 847 1228 935 tempus
1246 836 1284 909 in
1298 860 1347 909 nr·

308 952 486 1026 Pervenit
504 951 760 1025 Haemoniam:
781 952 990 1050 positisque
1008 976 1029 1024 e
1047 974 1211 1048 corpore
1231 952 1348 1049 pennis

310 1067 355 1141 In
374 1067 507 1142 faciem
527 1067 668 1165 Ceycis
686 1068 778 1154 abit,
797 1068 991 1165 formaque
1010 1068 1080 1139 sub
1099 1067 1167 1139 illa

310 1182 482 1269 Luridus,
501 1183 685 1278 exsangui
704 1183 850 1269 similis,
870 1183 952 1256 sine
970 1182 1140 1255 vestibus
1159 1182 1265 1268 ullis,
1288 1184 1348 1257 664

310 1297 492 1395 Conjugis
512 1309 599 1370 ante
616 1309 739 1370 torum
757 1299 902 1371 miserae
921 1297 1047 1370 stetit:
1078 1296 1157 1369 uda
1172 1298 1320 1370 videtur

307 1412 435 1486 Barba
443 1413 522 1498 viri,
534 1412 771 1509 madidisque
784 1413 907 1507 gravis
921 1411 1036 1485 fluere
1048 1413 1152 1485 unda
1166 1413 1323 1511 capillis.

307 1527 403 1601 Tum
420 1529 518 1601 lecto
537 1528 771 1612 incumbens,
790 1527 880 1600 fletu
899 1550 1011 1623 super
1028 1550 1094 1599 ora
1111 1525 1255 1612 refuso,

310 1641 403 1716 Haec
422 1644 495 1716 ait:
518 1653 541 1681 ‘⁴
558 1642 745 1738 Agnoscis
762 1640 904 1739 Ceyca,
923 1641 1132 1714 miserrima
1148 1643 1314 1739 conjux?

308 1757 370 1830 An
389 1781 473 1831 mea
490 1766 636 1829 mutata
652 1768 713 1830 est
731 1755 846 1829 facies
864 1757 985 1828 necet
1012 1757 1183 1853 respice3
1212 1781 1344 1841 nosces,

310 1871 560 1968 Inveniesque
570 1882 635 1943 tuo
645 1894 711 1968 pro
725 1872 885 1966 conjuge
896 1871 1066 1967 conjugis
1080 1873 1271 1945 umbram.
1283 1877 1342 1946 660

311 1985 376 2059 Nil
393 1986 488 2082 opis,
510 1984 719 2083 Halcyone,
739 1986 848 2059 nobis
863 1997 930 2059 tua
947 1998 1033 2059 vota
1050 1988 1245 2062 tulerunt:

312 2100 551 2173 Occidimus:
580 2099 682 2172 salsae
701 2101 769 2174 tibi
788 2125 848 2174 me
865 2103 1081 2199 promittere
1100 2104 1193 2176 noli.

312 2215 474 2288 Nubilus
492 2214 620 2310 AEgaeo
635 2215 836 2312 deprendit
854 2215 891 2287 in
910 2239 1060 2312 aequore
1079 2218 1208 2289 navim

311 2329 463 2416 Auster,
482 2341 521 2403 et
538 2330 679 2425 ingenti
695 2332 877 2426 jactatam
892 2329 1042 2403 flamine
1060 2331 1194 2405 solvit:

312 2445 464 2542 Oraque
476 2456 614 2531 nostra,
629 2457 733 2518 tuum
745 2446 1258 2534 srustraclamantianomen,
1284 2451 1340 2520 665

310 2562 518 2660 lmpldrunt
535 2563 696 2635 fluctus:
717 2586 791 2634 non
809 2563 890 2636 haec
909 2563 976 2636 tibi
995 2562 1144 2635 nuntiat
1162 2573 1292 2637 auctor

310 2747 365 2795 bere
377 2746 462 2811 capite.
496 2748 548 2793 Alto
565 2744 673 2793 additum
686 2745 809 2809 dignitatis
890 2748 946 2795 656.
968 2745 1065 2809 Proprie
1088 2744 1171 2810 capilli
1188 2764 1272 2811 graues
1285 2744 1346 2793 relem'

310 2835 391 2875 causa,
418 2819 474 2882 quia
500 2820 601 2867 Somnus
627 2819 703 2868 Deus.
723 2819 809 2882 Virgil.
857 2822 939 2878 nndn5
957 2819 1012 2867 hino
1030 2835 1093 2883 aqua
1110 2820 1164 2884 ipsa
1181 2821 1240 2869 inde
1255 2820 1346 2870 defluens

312 2894 409 2942 AEneid.
420 2894 445 2940 ii.
456 2895 482 2940 2.
857 2898 943 2958 grauis,
954 2893 1057 2957 copiosa.

343 2966 450 3016 naono
458 2967 594 3029 volot,etc.]
603 2968 659 3015 Non
667 2967 736 3015 modo
742 2968 808 3014 Som·
891 2968 946 3015 662.
957 2968 1030 3014 Fotre
1045 2965 1182 3015 emendavit
1195 2967 1308 3016 lleinsius
1316 2981 1348 3030 pn

312 3057 363 3097 nus,
373 3039 415 3088 sed
426 3040 497 3088 etiam
508 3041 605 3088 Somnia
616 3044 665 3088 olor
674 3041 810 3100 habebant;
851 3041 918 3106 salso
929 3042 986 3104 (hoc
998 3041 1086 3088 habent
1097 3042 1170 3088 nostri
1183 3041 1283 3105 Regii.)
1311 3040 1346 3094 Te,

311 3114 418 3178 Euripid.
432 3115 491 3162 Hec.
508 3115 549 3161 71.
569 3115 666 3163 Πὸτνια
683 3113 753 3177 χθὼν
769 3132 810 3176 με·
859 3131 912 3179 quar
924 3115 1012 3162 falleris
1024 3114 1082 3163 votis
1093 3114 1148 3170 tuis,
1160 3115 1209 3162 noli
1218 3128 1348 3179 sperarent

311 3188 506 3252 Aurorrrepriyrov
522 3189 600 3252 μᾶτερ
615 3187 742 3251 Ὀνείρων.
767 3190 808 3236 Se·
859 3187 902 3235 tibi
923 3187 1059 3235 rediturum.
1099 3187 1251 3248 Deprendere
1272 3185 1350 3252 proprie

312 3261 416 3308 cundum
426 3261 526 3309 Lucian.
538 3261 562 3308 d.
571 3261 588 3310 l.
599 3261 623 3309 in
632 3261 733 3309 somniis
743 3269 810 3309 erant
858 3261 889 3309 de
900 3260 977 3309 subita
993 3268 1141 3325 tempestate,
1156 3277 1211 3324 quae
1225 3261 1350 3324 navigantes

312 3333 383 3381 etiam
395 3335 514 3398 πτερωτοί
525 3353 600 3393 τινες.
637 3336 808 3398 Nullosrtrepi·
859 3334 976 3399 opprimit.
1004 3336 1080 3399 AEgeo
1098 3337 1123 3381 in
1142 3352 1241 3396 aptore,
1260 3335 1285 3384 in
1302 3332 1350 3380 mati

312 3416 356 3462 tras,
368 3422 397 3454 ne
413 3408 527 3455 excitaret
537 3407 701 3457 dormientem.
736 3408 809 3473 Apud
860 3410 953 3471 AEgaeo,
964 3408 1028 3471 quod
1043 3424 1056 3455 c
1072 3407 1125 3455 sinu
1138 3408 1247 3458 Maliaco
1257 3409 1300 3457 sub
1310 3407 1351 3455 He·

312 3479 404 3535 Silium,
419 3495 467 3527 ver.
486 3481 542 3527 354.
557 3497 597 3540 per
614 3485 710 3528 tacitum
727 3484 808 3528 nttnlrr'-
859 3482 946 3538 raclea,
967 3497 1009 3530 seu
1030 3481 1146 3530 Trachine
1171 3482 1276 3532 solventi
1297 3476 1353 3544 tnji?

314 3547 354 3601 tur
363 3569 468 3601 somnus.
498 3554 568 3600 llloro
582 3556 645 3600 brem
660 3564 745 3615 tempus
760 3572 809 3619 pro,
859 3554 969 3603 ciendum
996 3564 1031 3602 est
1059 3553 1082 3602 in
1105 3554 1199 3602 Ioniam
1223 3554 1351 3619 naviganti3

313 3627 391 3674 brevis
412 3625 524 3690 temporis
544 3642 617 3682 mora,
634 3625 658 3673 id
678 3637 723 3682 est,
739 3628 810 3676 breve
859 3644 930 3692 supra
946 3644 997 3676 ver.
1021 3629 1077 3675 478.
1115 3628 1228 3692 Namque
1252 3632 1351 3694 AEgeun

314 3708 421 3763 tempus3
440 3698 536 3746 vidend
549 3697 581 3746 ix.
597 3701 649 3746 134.
859 3716 922 3750 mare
943 3702 990 3750 duo
1012 3702 1081 3749 alluit
1096 3702 1196 3749 Graeciae
1219 3703 1309 3762 latera5
1327 3701 1351 3748 il·

345 3775 401 3822 65³.
416 3773 542 3837 luserim
558 3775 657 3837 Ceycis]
678 3775 809 3824 Conl.Vir-
859 3776 901 3823 lud
923 3776 953 3823 ad
974 3785 1051 3824 ortum
1072 3775 1142 3834 solis3
1171 3774 1216 3823 hoc
1240 3777 1271 3825 ed
1292 3775 1353 3824 meri·

313 3845 392 3911 gilius,
415 3849 473 3896 AEn.
490 3847 515 3894 ii.
532 3849 580 3895 268
601 3864 653 3911 sqq.
675 3848 716 3896 ubi
738 3850 809 3897 etiam
859 3849 932 3896 diem.

313 3922 401 3970 Hector
412 3932 461 3969 tem
472 3922 537 3969 loedo
549 3921 631 3969 habitu
647 3934 751 3987 apparet,
762 3941 809 3988 quo
892 3923 947 3970 666.
957 3927 1043 3971 strator
1051 3925 1179 3986 ambigam,
1187 3921 1293 3970 incertus
1299 3936 1352 3970 nun·

313 4012 326 4044 e
348 3995 397 4045 vita
416 4005 563 4053 excesserat,
587 3995 642 4044 vide
664 3997 694 4044 ad
717 4016 739 4044 x.
758 4000 807 4046 49:
860 3996 914 4044 tius.
933 3996 1196 4061 Propertl.xiir.H‹ee
1210 4013 1352 4060 egenoru-

314 4068 375 4118 adde
390 4069 522 4125 Tibullum,
534 4069 569 4117 Il.
580 4067 611 4116 vi.
622 4070 663 4116 39.
696 4071 765 4119 Antra
779 4071 810 4121 de
860 4088 919 4119 more
939 4073 1006 4127 molo,
1028 4089 1073 4119 raon
1090 4087 1179 4135 augure
1198 4074 1288 4127 doctas,
1309 4070 1355 4117 Vidi

313 4143 526 4213 transformatione,
539 4153 565 4192 ut
577 4142 595 4191 i.
606 4144 663 4191 2³6.
861 4162 914 4207 ego:
925 4163 966 4202 me,
974 4163 1051 4209 quaeso,
1064 4156 1126 4202 terte,
1138 4162 1224 4209 negare
1233 4147 1312 4208 poter?
