2774 5004
332 151 802 218 METAMORPHOSEON
827 153 918 218 LIB.
942 152 1043 219 XIV.
1143 157 1211 222 466

161 323 358 413 Vultibus,
379 341 417 400 et
433 327 529 399 laetae
546 326 672 400 videre
691 327 875 422 rigescere
893 328 1052 426 puppim

163 439 354 515 Cautibus
369 440 529 529 Alcinoi,
545 464 757 537 saxumque
774 441 983 516 increscere
1002 444 1117 539 ligno.
1137 447 1213 518 565

215 554 310 627 Vll.
332 555 429 653 Spes
444 568 536 644 erat,
552 559 590 629 in
604 557 805 655 Nymphas
818 557 982 630 animate
994 559 1115 632 classe
1134 582 1211 633 mu·

162 669 288 745 Posse
299 683 402 744 metu
414 672 570 746 monstri
583 672 768 744 Rutulum
779 673 1213 768 desisterebello.[rinas‚

162 785 338 874 Perstat3
357 788 549 885 habetque
560 788 664 862 Deos
672 813 759 886 pars
767 800 936 884 utraque,
947 790 1102 886 quique,
1111 790 1213 864 Deo-

166 899 305 988 Instar,
318 903 459 975 habent
470 903 613 978 animos
627 930 635 977 :
656 928 726 977 nec
733 905 813 1000 jam
824 904 963 977 dotalia
976 927 1100 999 regna,
1114 907 1214 1000 [rum

166 1015 253 1090 Nec
272 1019 391 1091 soceri
411 1031 614 1116 sceptrum,
634 1029 774 1106 necte,
796 1018 950 1092 Lavinia
965 1020 1082 1114 virgo,
1140 1024 1214 1093 570

167 1130 248 1204 Sed
265 1133 399 1205 vicisse
417 1145 552 1231 petunt
567 1162 575 1221 ;
605 1134 895 1231 deponendique
913 1135 1055 1231 pudore

169 1245 283 1319 Belle
300 1259 458 1342 gerunt:
487 1249 717 1344 tandemque
735 1247 866 1322 Venus
884 1249 1051 1322 victricia
1068 1251 1147 1322 nati

167 1360 423 1450 Armavidet3
446 1362 670 1460 Turnusque
684 1364 802 1437 cadit:
825 1364 926 1437 cadit
938 1364 1075 1449 Ardea,
1087 1365 1215 1438 Turno

170 1473 337 1573 Sospite,
363 1477 467 1550 dicta
486 1489 637 1575 potens:
672 1503 785 1575 quam
810 1490 1010 1576 postquam
1035 1480 1215 1553 barbarus

168 1589 352 1678 Abstulit,
372 1603 412 1665 et
429 1593 558 1689 tepida
575 1595 764 1666 latuerunt
780 1604 881 1666 tecta
899 1592 1035 1680 favilla,
1101 1594 1215 1690 [ignis

171 1704 362 1801 Congerie
377 1730 398 1779 e
412 1708 629 1780 mediatum
643 1709 804 1805 primum
818 1708 969 1803 cognita
981 1730 1128 1804 praepes
1141 1712 1214 1781 576

170 1902 240 1952 davit
261 1903 361 1968 Regius,
382 1922 455 1970 quum
477 1917 532 1955 onte
556 1907 672 1972 legeretur
721 1909 833 1975 praestito,
862 1909 962 1956 Tandem
983 1912 1013 1957 ad
1036 1907 1143 1970 Trrp'anor
1164 1910 1217 1957 diua

171 1976 283 2039 Naryciae
289 1995 298 2035 ,·
316 1977 332 2026 i.
343 1995 365 2028 e.
376 1979 457 2044 AJecis
468 1980 532 2030 Oilei
543 1981 618 2038 naris,
629 1982 670 2047 qui
720 1985 896 2044 mperbooem't.
931 1981 1217 2030 Turnrrscuditinterfec·

169 2049 217 2099 tuit
232 2050 361 2115 Narycios.
395 2055 506 2119 Ulyssem
517 2055 670 2119 benigneex·
721 2065 760 2104 tus
774 2057 804 2104 sb
816 2058 894 2104 AEnea
907 2057 932 2103 in
948 2056 1076 2104 certamine
1089 2055 1201 2121 singulari
1209 2073 1217 2114 ;

170 2125 236 2189 cepit
248 2128 364 2183 Alcinous,
373 2127 500 2177 Pbaeacum
511 2140 560 2185 rex,
568 2145 670 2194 cumque
721 2129 789 2192 Virg.
802 2129 843 2177 xii.
854 2139 916 2177 extr.

171 2214 287 2248 navesua
299 2201 464 2266 porterijussit
478 2203 603 2262 Ithacum
620 2205 670 2253 llo·
753 2203 811 2249 574.
829 2202 858 2249 ln
876 2203 985 2249 barbarus
999 2205 1058 2264 r'gm'r
1073 2201 1143 2264 (olim
1160 2203 1217 2250 cde·

171 2288 259 2329 merus,
273 2273 323 2321 Od.
339 2277 441 2324 H.328.
476 2278 514 2324 De
528 2277 579 2340 ejus
593 2286 669 2324 muta·
720 2277 790 2323 batur
807 2278 872 2331 ench,
890 2284 917 2323 ut
933 2275 1018 2339 legitur
1035 2275 1059 2321 in
1074 2273 1156 2322 codice
1172 2275 1217 2330 Δ.)

171 2347 237 2394 tione
248 2346 274 2394 in
284 2362 367 2395 saxum
378 2348 426 2397 Od.
436 2354 469 2398 N.
482 2351 528 2399 155
538 2366 591 2415 sqq.
613 2351 669 2397 Pro·
721 2348 809 2396 hresere
830 2348 885 2395 intt.
905 2347 962 2411 quia
976 2348 1096 2411 putdmnt,
1114 2348 1217 2396 AEnesm

171 2419 264 2484 copim,
274 2420 306 2469 <le
316 2421 386 2470 Bello
393 2422 526 2471 Gothorum
535 2424 574 2470 iv:
593 2431 610 2452 ‘⁸
620 2425 670 2471 Na-
720 2420 770 2468 sine
785 2420 912 2468 offensione
930 2420 1032 2484 Augusti
1051 2435 1097 2467 non
1114 2419 1218 2482 potuisse

171 2508 227 2541 vem
238 2508 268 2540 ex
282 2493 337 2540 alhs
351 2505 426 2558 petre,
437 2511 490 2559 qua
504 2496 529 2543 in
546 2495 672 2546 Phaeacide
721 2496 842 2541 barbarum
850 2493 906 2542 dici.
916 2494 990 2542 Jaca
999 2494 1077 2540 Cruce
1086 2492 1157 2556 igitur
1164 2491 1216 2541 hec

172 2566 269 2629 regione
279 2565 343 2631 opud
355 2583 419 2616 mare
429 2568 519 2624 visitur,
530 2568 602 2633 aliqui
618 2572 682 2618 eam
721 2569 793 2615 verba
806 2566 837 2615 nd
847 2566 991 2615 Annibalem
1003 2565 1127 2620 referebat,
1140 2571 1219 2613 motus

170 2653 225 2686 esee
240 2647 435 2706 cumulantque
452 2641 671 2706 Ulyssesltbecam
721 2641 799 2689 verbis
819 2640 936 2688 mendosis
955 2638 1028 2687 Servii
1047 2637 1077 2687 ed
1100 2640 1157 2686 AEn.
1178 2637 1219 2686 vii.

171 2711 220 2760 snit
230 2711 374 2761 advectus.’'
722 2715 784 2761 412:
804 2722 828 2761 et
844 2713 946 2761 Ovidius
960 2720 1049 2768 narrat,
1063 2727 1116 2776 qun
1133 2713 1219 2760 AEneo

207 2785 347 2834 566-560.
359 2789 443 2844 Ardea,
455 2789 510 2837 urbs
520 2789 671 2844 Rutulorum,
722 2788 866 2851 temporibus
874 2784 1011 2833 acciderint.
1044 2783 1157 2832 Heinsius
1167 2798 1217 2832 me-

172 2858 300 2908 intert'ecto
312 2861 399 2917 Turno,
410 2861 520 2910 incendio
534 2860 636 2916 deletur,
648 2870 673 2908 et
722 2860 795 2916 lebat,
813 2861 938 2908 Dardanus
958 2861 1024 2913 emir,
1046 2864 1073 2905 nt
1091 2873 1141 2906 ver.
1159 2858 1217 2905 467.

172 2948 204 2979 ex
226 2931 344 2981 cineribus
364 2935 437 2982 oritur
454 2934 534 2983 Ardea
552 2934 609 2982 avis.
642 2933 672 2982 ln
724 2935 949 2998 Donamflummcr5
967 2933 1034 2995 Virg.
1050 2932 1107 2978 AEn.
1122 2930 1148 2978 ii.
1161 2930 1219 2978 276.

176 3005 295 3068 Nymphas
319 3011 420 3054 animata
446 3008 547 3056 breviter
573 3005 672 3061 dictum,
724 3006 824 3071 Phrygii
845 3011 924 3070 ignem
953 3005 1038 3053 Horat.
1058 3005 1080 3052 1.
1106 3004 1154 3052 od.
1178 3005 1218 3053 13.

175 3077 282 3126 animm
295 3088 320 3128 et
335 3095 402 3129 versa
419 3081 444 3129 in
458 3081 591 3146 Nymphas,
602 3089 629 3128 ut
639 3079 673 3127 iv.
723 3081 836 3128 Achaicus
849 3083 919 3143 ignis.
936 3079 991 3126 Sine
1004 3093 1084 3126 censa.
1113 3077 1220 3142 Phryges

175 3153 235 3200 618.
243 3162 342 3213 exceptus
349 3157 421 3201 verior
429 3156 539 3202 animavit
547 3158 673 3217 inunguer.
722 3168 785 3217 supe
804 3153 915 3200 dicuntur
929 3152 979 3199 sine
996 3150 1086 3200 invidia
1104 3158 1145 3199 tut
1162 3165 1219 3199 con·

178 3225 246 3273 Porro
265 3229 369 3274 desistere
387 3243 437 3292 pro,
454 3228 511 3282 sore,
528 3235 555 3274 ut
568 3225 675 3274 desistet.
722 3233 813 3290 temptu
832 3227 932 3279 barbari,
947 3232 973 3272 ut
989 3239 1035 3272 ver.
1051 3225 1105 3272 163.
1123 3225 1220 3272 metm

177 3299 674 3364 Monstrummimtmnslormetio,utsaepe
722 3315 789 3358 prora
798 3318 807 3357 ,·
826 3299 919 3348 vidend
935 3298 969 3346 xi.
984 3299 1038 3345 162.
1072 3298 1221 3362 Heyniustd

176 3372 243 3437 apud
255 3373 375 3421 Nostrum.
410 3375 476 3429 Deos,
493 3389 548 3421 suos
563 3374 638 3427 Deos,
649 3371 674 3420 id
722 3373 811 3422 Tibull.
830 3373 866 3421 11.
884 3391 908 3420 v.
926 3375 967 3420 46.
989 3371 1102 3435 intelligit
1122 3387 1219 3430 surum,

176 3445 278 3494 esttibi
305 3447 426 3512 propitios.
462 3448 675 3509 Quique—animos,
725 3447 844 3496 cmdelem
863 3450 950 3511 ignem,
971 3455 1043 3510 atque
1070 3447 1141 3495 etiem
1169 3450 1220 3494 har-

177 3518 252 3568 duces
264 3520 334 3568 sortes
348 3529 373 3568 et
386 3526 459 3569 acr'cs.
492 3519 586 3568 Laudat
600 3518 675 3566 Hein·
726 3523 805 3568 barum
824 3521 929 3568 Turnum
946 3520 978 3568 ibi
996 3519 1170 3584 interpretatur,
1187 3520 1221 3568 le·

175 3591 225 3639 sius
236 3591 296 3639 illud
306 3593 429 3649 Mezentii,
440 3594 527 3641 Dextra
536 3593 591 3640 milii
603 3591 674 3638 Deus.

211 3665 268 3712 571.
288 3665 369 3712 Vicina
384 3667 469 3715 Groeco
481 3681 544 3714 more
558 3680 608 3731 pro,
622 3663 674 3711 vic·

176 3736 269 3786 torism
299 3738 431 3799 Depoumdi
440 3739 531 3786 scilicet
541 3753 614 3793 arma,
625 3737 675 3785 bel-

177 3811 237 3859 lum.
269 3812 350 3859 Mores
362 3811 503 3860 bellatorum
516 3812 577 3859 bene
590 3808 674 3858 notati.

179 3884 331 3946 Tandemque,
342 3892 388 3932 etc.
422 3883 501 3932 Etiam
512 3883 629 3937 Tibullus.
640 3882 675 3930 11.

178 3975 201 4007 v.
215 3959 255 4006 46.
268 3957 299 4006 de
314 3959 358 4007 hoc
374 3957 474 4007 Veneris
487 3958 575 4007 auxilio
590 3960 674 4006 AEneae

725 3610 814 3650 rocem,
827 3593 955 3643 cmdelem.
982 3593 1115 3640 Latmmnt
1127 3592 1219 3656 subsa-

726 3670 790 3723 oilln,
802 3668 928 3731 absumpta
938 3667 1041 3722 luerunt,
1052 3675 1076 3713 et
1086 3664 1181 3713 redacte
1194 3665 1220 3713 in

725 3741 824 3789 cineres.

757 3815 813 3863 576.
836 3815 967 3877 congeries
978 3809 1072 3872 medie]
1098 3807 1197 3855 Plurimi
1209 3826 1221 3857 e

724 3890 814 3944 medin
832 3887 881 3942 alii,
903 3895 928 3933 ut
944 3884 1018 3933 codex
1038 3881 1130 3944 Regius
1145 3880 1177 3928 A.
1195 3884 1222 3931 in

724 3963 813 4016 media,
831 3958 936 4022 quidam,
948 3966 974 4004 ut
985 3954 1059 4004 codex
1071 3955 1100 4002 B.
1110 3952 1222 4003 omittunt
