2774 5004
359 301 827 368 METAMORPHOSEON
850 302 941 367 LIB.
965 302 1037 368 lx.
1150 303 1216 371 107

162 472 239 555 Ille
255 474 412 570 quidem
428 485 488 549 est
503 475 625 549 oeulis
643 473 814 571 quamvis
831 472 1018 549 formosus
1030 475 1190 575 iniquis;

163 588 219 663 Et
231 589 371 687 placet,
387 600 426 663 et
437 612 604 687 possum,
617 589 649 661 si
667 589 809 661 nonsit
827 588 952 674 frater,
972 612 1097 665 amare
1107 617 1117 678 ;
1137 594 1212 665 478

167 702 223 779 Et
238 728 300 779 me
317 705 456 799 dignus
473 713 573 779 erat:
602 726 731 777 verum
749 713 861 776 nocet
877 728 962 777 esse
981 727 1157 778 sororem.

166 819 386 892 Dummodo
404 820 478 892 tale
496 818 586 891 nihil
600 819 757 915 vigilans
775 819 1010 893 committere
1028 829 1192 906 tentem;

165 934 280 1032 Saepe
294 933 384 1006 licet
401 933 514 1005 simili
529 934 659 1006 redeat
676 935 746 1006 sub
760 933 923 1030 imagine
942 958 1109 1008 somnus.

164 1048 293 1122 Testis
306 1049 414 1122 abest
427 1071 570 1134 somn0‚
580 1073 648 1122 nec
662 1049 770 1122 abest
780 1049 923 1122 imitata
932 1049 1119 1147 voluptas.
1138 1053 1213 1123 480

164 1162 242 1237 Pro
258 1163 401 1249 Venus,
420 1173 460 1236 et
477 1175 607 1238 tenera
622 1165 775 1238 volucer
796 1188 883 1238 cum
900 1174 1019 1238 matre
1038 1163 1210 1260 Cupido!

165 1277 320 1350 Gaudia
337 1288 480 1374 quante
496 1277 582 1351 tuli!
602 1302 716 1375 quam
734 1303 795 1352 me
812 1277 1012 1352 manifesta
1028 1278 1144 1351 libido

165 1391 358 1487 Contigit!
378 1402 421 1467 ut
434 1393 536 1488 jacui
555 1393 644 1466 totis
662 1393 826 1467 resoluto
844 1392 1033 1467 medullis!

166 1505 224 1578 Ut
239 1506 458 1585 meminisse
471 1506 597 1602 juvat!
617 1506 786 1602 quamvis
804 1506 927 1579 brevis
946 1505 1010 1578 illa
1024 1505 1212 1602 voluptas,

165 1619 335 1717 Noxque
349 1618 420 1693 suit
434 1643 619 1717 praeceps,
635 1629 674 1693 et
684 1620 817 1717 ooeptis
832 1619 957 1692 invida
970 1618 1117 1692 nostris.
1138 1621 1212 1690 485

165 1734 203 1807 O
222 1758 305 1830 ego,
325 1736 356 1808 si
375 1735 487 1809 liceat
505 1744 649 1808 mutato
666 1735 816 1809 nomine
828 1734 950 1832 jungi,

164 1849 292 1932 Quam
299 1850 409 1936 bene,
422 1838 941 1948 Caune‚tuopoteram1iurus
951 1871 1035 1923 esse
1045 1845 1212 1946 parenti!

165 1963 292 2046 Quam
302 1965 411 2050 bene,
421 1964 566 2051 Caune,
576 1988 660 2037 meo
667 1976 817 2062 poteras
827 1987 943 2059 gener
950 1987 1034 2037 esse
1044 1959 1212 2059 parentii

165 2077 321 2164 Omnia,
342 2078 392 2152 Dl
408 2078 588 2165 fecerent,
608 2090 737 2155 essent
755 2079 968 2155 communia
985 2077 1106 2163 nobis,

167 2193 311 2267 Praeter
328 2217 438 2268 avos:
468 2206 509 2269 tu
528 2218 589 2267 me
606 2196 742 2269 vellem
760 2194 975 2292 generosior
992 2216 1109 2267 esses.
1137 2195 1213 2266 490

164 2305 309 2381 Nescio
327 2332 441 2405 quam
459 2307 573 2381 facies
591 2308 716 2405 igitur,
736 2309 998 2408 pulcherrime,
1018 2316 1197 2380 matrem:

198 2553 256 2602 475.
277 2551 324 2602 Ille
342 2553 432 2616 quidem
448 2561 480 2601 ert
501 2553 583 2608 oeulis,
601 2552 662 2617 eto]
714 2552 946 2611 leuta‚libidinis
958 2567 1035 2607 sensu,
1046 2566 1076 2599 er
1087 2557 1213 2615 precepto.

163 2625 247 2676 Euam
267 2625 356 2675 inimici
377 2626 475 2674 formem
496 2625 547 2690 ejus
568 2623 666 2674 laudere
715 2628 778 2692 quod
792 2628 842 2692 ipse
857 2635 928 2692 poete
943 2624 1008 2672 dedit
1020 2624 1073 2671 Art.
1086 2623 1168 2671 Amet.
1178 2621 1213 2672 iii.

163 2699 269 2759 debent5
288 2715 316 2748 ne
325 2699 385 2748 livor
396 2698 493 2764 quidem
504 2698 601 2746 formem
616 2698 667 2763 ejus
716 2702 778 2751 793:
798 2701 920 2749 Sentium
933 2701 982 2746 imis
997 2697 1102 2744 Venerem
1115 2697 1214 2744 resoluta

165 2788 265 2837 cupere
279 2772 359 2836 possit.
395 2772 502 2826 Quamvis
514 2779 539 2819 et
547 2773 667 2835 quamlibet
716 2775 820 2822 mullis
831 2773 933 2820 Femina.
965 2767 1215 2819 eonseribidniuoa.

163 2845 288 2908 eleganter
298 2844 335 2895 ric
345 2853 475 2908 ponuntur:
487 2845 669 2907 qrwmuisiniqui
717 2847 797 2896 Etiam
809 2848 882 2908 juvat
901 2843 996 2892 solenne
1013 2841 1043 2889 de
1060 2839 1155 2904 gaudiis
1173 2856 1214 2891 ve·
1283 2896 1288 2900 ¹

169 2917 227 2975 sint,
239 2915 667 2981 temeniirsormorurvideutunliv.
718 2919 804 2976 nereis,
825 2917 879 2967 vide
901 2918 982 2965 Burni.
1004 2914 1035 2963 ud
1056 2912 1154 2963 Heroid.
1174 2929 1214 2963 xv.

163 2990 184 3040 i.
195 2992 220 3041 4.
228 3005 288 3053 potu
298 2992 398 3052 quumvis
408 2991 520 3054 languido
530 2992 601 3055 mergi
609 3006 669 3052 uque
720 2994 775 3040 134.

166 3063 282 3129 disseritur.
315 3062 390 3110 Amat
400 3062 487 3110 Noster
497 3061 522 3109 in
533 3060 613 3126 primis
623 3061 668 3112 hoc
751 3066 808 3113 488.
826 3064 901 3119 Quom
912 3064 973 3117 bene,
986 3056 1213 3123 Cuune,nreo,etc.]

165 3134 281 3202 loquendi
297 3150 381 3199 geuue-
415 3133 479 3184 Vide
495 3133 621 3184 Heinsium
637 3133 668 3183 ed
719 3136 824 3197 Quidem
840 3135 902 3184 hunc
919 3149 1012 3183 versum
1028 3131 1141 3180 omittunt
1148 3149 1157 3191 5
1173 3129 1216 3180 red

167 3207 270 3259 Heroid.
281 3208 314 3257 vi.
327 3208 383 3256 140.
717 3210 801 3260 similis
812 3207 920 3275 repetitio
936 3222 1014 3255 vorsus
1027 3202 1218 3272 precedentium

199 3283 257 3331 479.
274 3281 349 3329 Simili
365 3283 407 3329 rub
423 3283 537 3346 imogim
556 3295 610 3329 cum
626 3280 668 3330 tali
719 3284 776 3334 elibi
787 3282 932 3340 accinitur
943 3280 961 3330 i.
973 3281 1021 3329 325
1030 3297 1037 3340 5
1054 3278 1085 3327 vi.
1099 3279 1138 3328 16.

164 3355 266 3404 somnio.
293 3353 389 3402 imitato
403 3355 519 3415 uoluptas,⁴
535 3353 552 3401 i.
563 3369 592 3401 ex
604 3353 632 3402 P.
643 3353 668 3402 ii.
750 3358 808 3404 490.
827 3357 879 3410 Avi,
904 3368 966 3401 nunc
991 3351 1085 3399 omniuo
1106 3351 1215 3417 majores,

165 3427 357 3478 opsonium
372 3436 459 3476 terrent
475 3443 537 3476 veros
552 3430 668 3477 imitantia
717 3445 800 3495 genus.
823 3425 1216 3483 Hincaddinrumeuanue.

169 3517 245 3550 eurus·
279 3503 346 3551 Abest
355 3516 437 3557 mnu,
449 3501 515 3549 ebert
526 3501 556 3549 ab
568 3500 604 3556 iis,
614 3517 667 3565 que
718 3504 771 3553 Hoc
785 3510 852 3567 optet
866 3500 959 3567 Byblis,
974 3498 1030 3564 quie
1044 3507 1102 3548 tunc
1118 3497 1216 3548 Caunus

168 3571 237 3622 nobie
247 3571 360 3621 eveniunt
371 3572 396 3622 iu
406 3588 498 3621 somno.
718 3575 750 3624 ud
756 3583 863 3641 stuprum
871 3573 920 3623 sine
929 3580 994 3622 metu
1001 3572 1100 3635 repulse
1109 3570 1216 3622 ferretur.

198 3646 257 3694 481.
276 3644 363 3694 Tenem
373 3655 399 3695 et
409 3646 541 3712 puellarum
551 3655 576 3695 et
586 3647 667 3697 Verre·
718 3648 808 3696 Buru.
823 3647 915 3712 Teuuq.
927 3645 1061 3695 Fuberhee
1069 3659 1218 3709 concoquere

165 3717 198 3767 rie
215 3717 349 3782 epitheton.
385 3719 479 3768 Gaudia
494 3720 582 3786 passim
599 3719 628 3768 de
644 3735 668 3769 re
719 3737 765 3770 uon
783 3729 892 3786 poterat:
917 3719 1033 3769 suadebat
1050 3718 1121 3783 igitur
1138 3719 1218 3768 utrm

166 3807 287 3852 venerem
302 3794 390 3857 gaudio
401 3793 480 3860 ferre,
491 3804 518 3844 ut
527 3793 597 3858 ferre
610 3810 668 3856 prae·
710 3796 821 3861 facerent
840 3796 938 3843 aluntur
953 3809 1015 3843 aret.
1050 3790 1136 3849 Unum,
1153 3789 1218 3857 quud

168 3864 572 3934 niunmummidesteceipere.
606 3865 669 3916 Vide
719 3870 790 3919 freter
806 3884 840 3925 es,
858 3869 961 3918 naemu
978 3866 1109 3923 nNetum,
1130 3864 1173 3915 sed
1190 3863 1216 3913 id

168 3938 279 3989 lambis.
297 3937 329 3988 ad
350 3939 434 3992 Horu.
455 3940 488 3989 iv.
507 3941 555 3991 Od.
572 3943 596 3991 8.
631 3939 671 3988 Me
719 3944 796 4009 iprum
817 3943 885 3991 obest.
921 3943 977 3991 Non
999 3940 1071 4004 igitur
1095 3946 1155 4003 emt,
1175 3951 1218 3991 eur

167 4015 267 4077 contigit
285 4011 381 4070 melius,
396 4029 468 4079 quam
487 4012 547 4063 mihi
563 4010 670 4079 contigit.
720 4015 805 4064 Heius.
824 4015 886 4064 hunc
904 4016 983 4064 locum
1002 4009 1160 4062 adulterinum
1177 4009 1216 4072 ju-

171 4083 240 4151 Epic.
251 4084 283 4134 ed
293 4083 347 4136 Liv.
358 4087 383 4135 9.
392 4087 467 4136 luctus
481 4089 578 4152 contigit
588 4101 670 4135 omnes.
721 4087 818 4145 diceret,
829 4097 870 4137 eut
880 4085 1024 4143 emendaret,
1035 4099 1091 4132 unu·
