2774 5004
341 338 811 406 METAMORPHOSEON
835 340 926 406 ΠΒ.
950 341 1034 408 XV.
1144 341 1210 407 139

160 507 217 583 Et
230 510 343 607 jubar
360 511 433 584 boc
451 513 611 586 nitidum
627 513 743 608 nigrae
761 514 964 587 succedere
982 516 1095 589 nocti.

162 622 200 696 N
205 649 250 698 ec
267 627 369 700 color
386 639 446 701 est
462 628 563 701 idem
581 629 689 715 coelo,
709 651 824 725 quum
842 629 942 703 lassa
958 632 1088 728 quiete

163 738 318 814 Cuncta
329 744 460 837 jacent
477 743 613 828 media,
632 767 828 840 quumque
846 744 931 817 albo
950 742 1098 820 Lucifer
1115 747 1195 821 exit

165 851 304 928 Clarus
322 879 442 953 equo:
472 881 677 954 rursusque
694 858 790 932 alius
807 881 925 954 quum
944 861 1082 956 praevia
1097 862 1192 935 lucis

161 967 406 1044 Tradendum
425 972 571 1046 Phoebo
589 973 796 1046 Pallantias
812 972 930 1045 inficit
945 974 1086 1047 orbem.
1142 980 1207 1048 191

164 1081 258 1181 Ipse
277 1085 350 1160 Dei
367 1087 538 1186 clypeuS,
557 1099 656 1162 terra
673 1113 790 1185 quum
807 1087 947 1161 tollitur
964 1089 1050 1174 ima,

164 1198 285 1274 Mane
301 1203 422 1291 rubet,
442 1216 627 1301 terraque,
647 1207 769 1289 rubet,
788 1230 905 1302 quum
923 1206 1096 1278 conditur
1113 1205 1209 1293 ima;

167 1313 366 1391 Candidus
383 1318 421 1391 in
440 1343 587 1392 summo
605 1330 687 1393 est:
717 1321 847 1394 melior
865 1331 1000 1394 natura
1016 1321 1118 1418 quod
1135 1320 1211 1393 illic

165 1429 332 1505 AEtberis
349 1445 421 1521 est,
440 1445 624 1530 terraeque
642 1437 772 1534 procul
790 1437 965 1533 contagia
980 1436 1083 1509 vitat.
1141 1440 1211 1508 195

167 1543 207 1616 N
210 1569 254 1619 ec
273 1571 352 1643 par,
370 1559 435 1623 aut
451 1551 584 1624 eadem
601 1562 792 1624 nocturnae
809 1550 927 1623 forma
946 1550 1078 1623 Dianae

161 1658 1212 1763 Essepotestunquamzsemperquehodiernasequente,

169 1774 214 1848 Si
231 1778 380 1865 crescit,
399 1781 518 1853 minor
535 1793 594 1854 est
609 1808 618 1868 ;
652 1784 781 1878 major,
801 1783 832 1855 si
849 1782 1037 1855 contrahit
1053 1783 1194 1857 orbern.

168 1890 301 1974 Quid?
326 1918 402 1967 non
419 1896 458 1968 in
476 1897 624 1993 species
642 1899 846 1971 succedere
864 1910 1024 1995 quatuor
1041 1921 1181 1971 annum

167 2003 333 2104 Aspicis,
346 2010 466 2086 aetatis
482 2023 724 2111 peragentem
742 2012 949 2087 imitamina
966 2014 1123 2087 nostrae?
1141 2019 1215 2087 200

169 2119 272 2194 Nam
290 2134 408 2211 tener,
428 2135 467 2199 et
483 2126 640 2213 lactens,
659 2129 841 2225 puerique
859 2128 1070 2202 simillimus
1088 2155 1166 2203 aevo

169 2294 228 2346 mila
246 2297 314 2355 foret,
330 2299 350 2347 ai
368 2299 422 2364 quis
437 2300 516 2362 dican
535 2301 614 2358 bomo,
628 2301 670 2350 ubi
718 2304 774 2352 27⁴.
784 2312 828 2352 ete
838 2303 931 2352 Nostris
939 2304 1058 2352 Zacharia
1067 2303 1092 2352 in
1104 2304 1215 2354 Partibus

169 2378 243 2420 natus
252 2381 297 2428 ent,
309 2372 385 2421 tandit
396 2374 426 2422 ad
436 2383 546 2424 mortem.
718 2376 774 2431 diei,
785 2392 839 2440 pag.
854 2379 891 2425 10.
919 2375 1026 2424 Breviter
1035 2377 1086 2424 linc
1096 2376 1217 2425 delineata

206 2446 261 2494 lua.
279 2446 362 2500 Quiete
378 2451 469 2506 medin
496 2456 566 2498 nocte
583 2449 671 2497 media.
719 2450 793 2497 babes
807 2464 878 2513 supra
892 2448 917 2496 ii.
930 2450 1036 2497 27-30.
1047 2458 1072 2496 et
1087 2448 1152 2513 apud
1167 2450 1217 2497 Ho-

171 2518 228 2567 Erit
245 2521 340 2568 amari.
378 2521 446 2570 Male
459 2522 568 2579 lansius.
581 2526 626 2571 erit
639 2521 670 2570 de
720 2521 1087 2585 ratium,IV.Od.vii.6¹eqq.
1120 2522 1217 2583 Species,

169 2592 244 2650 coelo,
254 2594 367 2658 relinquit
377 2596 477 2644 coelum.
495 2597 561 2646 Nota
571 2595 670 2646 varieta-
720 2595 893 2645 vicissitudines
911 2611 1006 2643 annua.
1040 2595 1086 2643 Pro
1100 2598 1218 2645 succedere

169 2676 230 2724 tem,
248 2684 297 2734 qua
312 2668 337 2717 in
353 2669 417 2718 omni
434 2669 460 2719 lr.
475 2670 492 2719 1.
508 2678 573 2720 ortus
590 2677 615 2718 et
630 2685 669 2717 oc·
720 2670 791 2734 vulgo
802 2670 840 2733 (et
850 2669 874 2717 in
890 2668 971 2718 codice
984 2668 1061 2733 Regio
1073 2669 1116 2731 B.)
1132 2669 1218 2733 legitur

169 2758 380 2808 casuaexpreasus.
397 2743 671 2809 Lucijerequosolitaric
718 2746 825 2792 medere.
859 2743 941 2791 Annua
966 2745 1065 2790 succedit
1092 2745 1117 2789 in
1137 2746 1219 2804 speeies

171 2816 276 2872 rebitur,
287 2833 426 2882 quanquam
443 2818 465 2866 ei
475 2817 592 2874 Tibullus,
603 2818 626 2865 1.
638 2815 671 2866 ix.
719 2826 818 2880 quntum·
832 2831 874 2880 pro
891 2815 993 2879 vulgari,
1008 2814 1098 2879 species
1116 2822 1218 2878 quatuor

171 2890 214 2939 62.
229 2905 322 2939 currum
340 2890 416 2947 dedit,
435 2907 505 2956 quem
523 2889 600 2939 secuti
616 2897 671 2938 sunt
721 2889 776 2938 anni
791 2888 837 2939 eibi
853 2888 954 2938 invicem
971 2887 1112 2937 succedunt.
1148 2889 1217 2938 l'era·

171 2963 313 3029 nliipoetar.
346 2967 420 3023 Aluan·
445 2965 500 3013 vide
515 2963 546 3013 ad
564 2979 613 3012 ver.
628 2964 670 3012 30.
720 2962 997 3029 gentemimitnmina,ad
1011 2961 1177 3020 imitationem,
1194 2973 1219 3012 et

172 3038 324 3096 Parianus,-
341 3039 441 3097 Aurora,
453 3035 638 3087 Pallantinfilia.
721 3037 765 3086 boc
792 3037 851 3085 nihil
876 3037 941 3085 aliud
969 3036 1014 3085 nisi
1039 3035 1217 3087 similitudinem

209 3113 264 3160 192.
282 3113 327 3161 Dei
336 3115 486 3176 clypeatam
497 3112 553 3161 orba
564 3110 620 3160 solia
629 3126 671 3159 no·
720 3110 836 3159 declarat.

173 3185 313 3236 aedictum.
348 3187 397 3235 Nae
411 3204 462 3250 par,
472 3197 513 3234 nat
524 3188 611 3241 eadent,
623 3194 670 3234 etc.
753 3186 809 3233 201.
825 3184 898 3232 Tener
913 3192 937 3231 et
952 3185 1037 3231 lacteus
1055 3192 1104 3230 tam
1121 3183 1217 3233 intanti-

171 3261 243 3308 Iama
257 3276 350 3325 semper
363 3271 405 3310 aut
417 3260 509 3317 crescit,
522 3268 564 3309 aut
578 3259 671 3308 decres-
721 3257 773 3313 bus,
792 3273 864 3321 quam
881 3256 948 3304 nous
964 3255 1042 3304 herbis
1060 3257 1218 3319 conveniun13

173 3333 218 3389 cit,
236 3349 280 3382 nec
294 3350 400 3399 unquam
413 3334 437 3383 in
452 3334 536 3383 eodem
551 3339 673 3398 permanet
721 3332 805 3378 tantm
815 3330 878 3378 enim
889 3337 926 3377 est
939 3337 963 3377 et
974 3329 1012 3377 lac
1022 3344 1105 3393 sugere
1117 3338 1142 3378 et
1156 3331 1219 3380 lacte

171 3415 247 3457 statu.
721 3403 888 3467 plenumenne.
921 3402 1008 3459 Herba,
1023 3418 1090 3468 aegea
1103 3411 1185 3453 tenera
1194 3412 1219 3455 et

211 3481 266 3528 199.
284 3481 363 3535 Quid?
375 3482 548 3542 noninapeciu,
557 3478 617 3541 etc]
629 3479 673 3527 Se·
722 3491 792 3531 nova,
805 3486 831 3524 ut
838 3491 901 3542 saepe
911 3475 976 3540 apud
984 3475 1121 3540 Virgilium,
1132 3478 1220 3543 θεοῖς.

175 3569 253 3618 quens
273 3553 340 3603 locus
361 3553 446 3618 insigni
472 3562 594 3603 venustate
615 3568 672 3602 oon-
720 3549 753 3609 i.;
771 3549 824 3598 vide
836 3559 861 3598 et
870 3565 941 3615 supra
951 3550 1000 3600 viii.
1011 3552 1069 3599 290.
1093 3552 1220 3610 Nitere‚ut

173 3630 271 3695 spicuua
280 3629 310 3678 de
318 3638 419 3694 quatuor
429 3629 486 3678 anni
493 3629 606 3695 partibus.
624 3630 673 3676 Ve-
721 3639 776 3671 mox
795 3626 872 3673 ridere
891 3633 915 3672 et
936 3625 1024 3689 γελᾶν,
1042 3624 1178 3689 frequenter
1196 3637 1220 3675 et

174 3712 258 3752 nautas
270 3710 350 3752 autem
365 3701 420 3751 inde
434 3711 478 3763 est,
490 3702 554 3767 quud
567 3701 674 3766 epitheta
722 3699 843 3763 eleganter
852 3699 885 3747 de
899 3698 955 3748 lato
969 3699 1055 3756 colore,
1062 3700 1217 3764 jucundaque

175 3785 201 3826 et
225 3778 347 3833 attributa,
366 3787 414 3825 tam
440 3793 481 3842 par
501 3784 610 3825 naturam
629 3776 672 3833 rei,
721 3773 783 3822 facie
808 3774 910 3837 frugum,
926 3774 1017 3830 tlorunr,
1038 3783 1155 3838 pratorum
1182 3773 1219 3821 di·

175 3867 248 3917 qunm
265 3867 295 3900 err
311 3866 355 3899 usu
375 3849 488 3915 loquendi
505 3849 638 3899 bominibus
647 3858 673 3898 et
721 3859 815 3904 cuntur,
826 3864 897 3897 verno
904 3847 1018 3912 imprimis
1029 3857 1142 3911 tempore.
1156 3846 1219 3895 Hinc

174 3925 260 3975 annuis
270 3935 337 3975 terrae
349 3924 518 3973 mutationibus
528 3922 671 3981 eommunia,
721 3922 825 3971 suaviter
835 3921 898 3986 apud
909 3918 1141 3969 Plautum.1'ruc.ii.
1152 3919 1176 3966 4.
1187 3919 1220 3967 de·

174 4000 206 4049 ad
223 4014 311 4048 unum
328 3998 414 4063 ipsum,
431 4006 553 4062 tamquam
571 3997 603 4046 ad
619 4013 672 4062 per·
722 3997 810 4061 puella,
824 3995 867 4043 Ver
882 3997 940 4042 virle.
976 3993 1008 4040 Ut
1022 4001 1069 4040 tota
1081 3992 1165 4050 flaret!
1185 3991 1218 4040 Ut

174 4073 454 4129 aonam,tranalatnsunt.
465 4070 673 4127 ConlLucretius,
721 4069 782 4116 olet!
799 4078 827 4115 ut
840 4068 913 4114 nitide
925 4065 999 4113 nitet!
1015 4063 1069 4111 vide
1084 4061 1219 4114 lleimium.

175 4164 199 4196 v.
217 4147 362 4206 tta—74&
387 4145 544 4200 Claudianus,
558 4143 577 4193 i.
591 4144 673 4193 268-
725 4143 811 4205 Turget
836 4141 920 4189 lacteis
946 4138 1107 4196 humoribus,
1130 4136 1217 4201 Virgil.
