2774 5004
147 331 259 438 rau-¹
439 330 480 397 r.
501 329 665 398 ovrnrr
689 326 902 397 unsours

149 503 275 578 Morte
288 514 420 579 carent
435 503 582 591 animae,
602 525 842 600 semperque,
860 498 988 599 priore
1004 498 1143 572 relicta

151 616 267 705 Sede¹
280 619 385 692 novis
402 619 575 713 habitant
590 617 766 692 domibus
783 617 993 713 vivuntque
1012 624 1189 711 recepte.

151 731 240 831 Ipse
258 758 342 830 ego,
362 759 449 808 nam
466 733 632 819 memini,
651 731 802 829 TroJani
819 743 994 828 tempore
1013 729 1107 802 belli
1138 731 1201 800 100

152 847 385 922 Panthoides
401 848 626 947 Euphorbus
640 869 757 933 eram,
767 846 828 919 cui
842 856 1000 944 pectore
1015 842 1201 941 quondam

154 961 263 1037 Sedit
279 963 318 1036 in
336 965 493 1037 adverso
511 963 633 1059 gravis
651 962 760 1036 hasta
777 961 931 1034 minoris
950 959 1118 1031 Atride.

154 1077 324 1174 Cognovi
341 1080 531 1178 clypeum,
548 1080 651 1152 laevae
667 1077 876 1179 gestamina
892 1086 1048 1159 nostrae,

189 1351 245 1399 rae.
262 1348 595 1413 neocaesaraea]
614 1350 657 1398 se·
741 1348 796 1396 too.
820 1347 872 1409 rae
890 1362 932 1411 ego
951 1363 1008 1393 m
1030 1348 1136 1401 meni
1153 1343 1205 1406 etei

157 1419 240 1488 qaitm
249 1422 394 1472 celebratum
408 1422 469 1472 illud
479 1423 509 1473 de
525 1424 657 1473 animam
707 1421 761 1472 Hoc
772 1421 950 1472 commentorel
962 1421 994 1471 ab
1003 1421 1057 1487 ipso
1067 1421 1208 1486 Pythagon.

157 1495 296 1560 migratione
311 1496 406 1562 dogma,
422 1497 486 1562 qnod
502 1497 658 1562 Pythagoras,
708 1495 747 1545 vel
762 1511 777 1544 a
792 1495 915 1561 discipulis
930 1496 984 1561 ejus
999 1494 1115 1560 migratio
1125 1493 1205 1542 anima·

156 1568 286 1627 Herodoto,
297 1567 404 1619 Diodoro
413 1570 461 1619 Sic.
470 1582 495 1620 et
509 1570 564 1619 aliis
577 1578 658 1618 ancto-
707 1585 760 1618 rum
782 1568 915 1618 confimasi
936 1569 1042 1617 solebat.
1077 1566 1205 1632 Reperiam

155 1640 230 1699 ribus,
241 1644 272 1692 ab
288 1644 411 1710 AEgyptiia
426 1652 550 1709 acceptum
569 1642 658 1708 primus
708 1643 750 1692 sed
760 1658 816 1692 cum
831 1643 912 1707 aliqua
921 1642 1050 1698 varietate,
1061 1642 1137 1692 etiam
1150 1637 1206 1704 apud

157 1716 249 1766 Grecis
270 1716 368 1766 tradidit
375 1735 383 1777 ς
409 1717 464 1766 vide
484 1717 606 1766 Scheffer.
627 1714 659 1764 de
709 1716 842 1774 Horatium,
858 1716 908 1765 Od.
922 1716 944 1766 1.
955 1715 1041 1764 xxviii.
1059 1717 1105 1774 10;
1123 1713 1205 1777 Dioge·

157 1790 313 1856 pbilos.1tal.
330 1808 355 1856 p.
369 1792 411 1843 24.
426 1800 451 1841 et
467 1794 508 1840 ³2.
540 1790 660 1850 Quaeritur
707 1806 763 1840 nem
772 1791 853 1839 Laert.
864 1788 915 1838 viii.
924 1791 941 1838 4
951 1806 973 1838 s.
994 1789 1116 1845 Gelliam,
1126 1789 1159 1837 ia.
1170 1788 1206 1837 ll:

158 1872 247 1922 autem,
265 1873 344 1915 utrum
362 1866 455 1930 proprie
476 1865 520 1914 illa
536 1863 660 1913 intellecta
707 1865 868 1920 Lactantium,
880 1864 941 1912 lust.
952 1864 987 1912 iii.
997 1865 1038 1912 ta.
1049 1862 1092 1927 qni
1103 1862 1141 1919 id,
1150 1877 1207 1910 more

158 1937 267 1993 voluerit,
275 1953 322 2002 qno
334 1937 415 1986 lortius
425 1953 440 1986 a
451 1938 557 1987 carnium
567 1953 609 1987 esu
617 1937 659 1985 de·
708 1953 759 1993 suo,
771 1937 855 1985 acerbe
865 1935 988 2000 exagitat3
1005 1944 1032 1984 et
1044 1935 1129 1984 Schol.
1142 1934 1208 2000 Apol·

160 2018 257 2059 tarreret
270 2009 385 2066 homines,
394 2027 467 2075 quem
478 2011 504 2058 in
514 2012 585 2059 linem
596 2017 660 2058 certe
709 2011 766 2059 lonii
787 2009 818 2058 ad
839 2010 883 2059 lib.
902 2009 919 2058 i.
939 2027 964 2075 p.
985 2011 1031 2059 00.
1067 2010 1207 2071 Euphorbus,

161 2081 284 2130 Nosterh.
296 2081 313 2128 l.
324 2081 353 2128 iis
362 2083 443 2138 utitur,
453 2097 484 2130 an
495 2081 608 2145 allegoria
618 2097 659 2146 po·
710 2083 798 2132 Panthi
825 2083 897 2140 filim,
924 2083 1043 2148 Troianus
1074 2083 1208 2133 fortissimis

161 2153 209 2203 tius
221 2154 325 2218 qnadam
335 2154 466 2212 ostendere,
476 2163 563 2203 statum
574 2155 660 2203 anime
711 2159 821 2219 (Homer.
831 2158 862 2206 ll.
870 2162 902 2206 11.
912 2158 961 2204 000
971 2157 1042 2221 sqq.)
1053 2157 1124 2221 cnjus
1133 2164 1210 2221 pectas

162 2235 216 2294 post
231 2235 330 2277 mortem
345 2243 509 2292 responsurum
522 2227 578 2277 uitae
594 2235 660 2276 ante-
711 2231 836 2281 Menelaus
847 2231 916 2280 hasta
924 2230 1055 2296 personuit
1066 2231 1114 2294 (Il.
1123 2236 1152 2280 P.
1159 2227 1208 2289 47.)

163 2309 232 2358 actae,
248 2309 290 2349 ant
306 2309 386 2350 notare
404 2301 511 2350 homines
525 2299 661 2366 cupiditati·
711 2304 821 2370 clypeum
832 2312 910 2353 autem
922 2305 948 2352 in
959 2302 1068 2368 srposa'qr
1080 2303 1164 2369 templi
1171 2303 1209 2351 Ja-

163 2377 211 2438 bns
225 2374 385 2440 indulgentes,
396 2391 496 2440 quornm
511 2374 597 2423 animm
612 2390 662 2422 me·
713 2379 780 2425 nonis
789 2377 883 2441 Argiue
895 2376 1035 2441 suspendit,
1052 2376 1210 2425 PausanCo·

165 2449 212 2498 lius
220 2448 379 2498 inhabitarent
389 2464 511 2513 porcorum
521 2457 546 2496 et
556 2450 664 2512 luporum
712 2449 784 2499 rinth.
794 2467 818 2515 p.
830 2452 886 2499 lte.
916 2450 1007 2498 Anima
1017 2451 1071 2514 ejas
1081 2450 1108 2498 in
1116 2451 1210 2498 Hermo·

163 2538 268 2589 corpora.
300 2525 360 2571 Sunt
369 2523 443 2575 etiam
454 2522 495 2587 qui
508 2531 601 2587 putent,
614 2524 663 2585 Py·
714 2523 806 2581 timum,
823 2534 874 2572 tum
891 2523 917 2572 in
933 2522 1063 2586 Pynhnm,
1077 2523 1175 2571 tandem
1190 2522 1211 2568 in

166 2597 288 2661 thagoram
303 2597 354 2661 jam
371 2596 470 2644 obscure
488 2596 584 2652 vidisse,
598 2595 663 2659 qaod
713 2597 872 2662 Pythagoram
893 2597 1029 2652 transierat,
1051 2597 1094 2660 qai
1117 2595 1173 2643 inde
1191 2602 1212 2641 et

166 2670 307 2720 recentiores
318 2669 449 2735 philosophi
461 2670 563 2734 apertius
569 2670 664 2724 docent,
713 2671 763 2736 ipse
779 2672 810 2720 ab
825 2671 933 2727 Horatio,
947 2670 972 2718 d.
984 2671 1003 2718 l.
1016 2671 1162 2718 Panthoides
1177 2685 1212 2717 so·

167 2744 270 2793 animam
286 2760 378 2810 semper
394 2760 448 2793 cum
466 2745 586 2792 schemate
606 2761 665 2809 quo-
714 2753 789 2793 catur.
820 2743 855 2792 Iis
872 2753 952 2793 autem
972 2744 1084 2792 omnibns
1104 2741 1214 2806 singulari

165 2817 222 2866 dam
243 2818 393 2883 conjunctam
414 2834 465 2866 esse
489 2819 602 2867 futuram.
635 2818 665 2866 Iu
714 2818 827 2867 Mercurii
842 2833 938 2867 munere
955 2817 1040 2866 datum
1056 2826 1158 2872 erat,ut
1173 2815 1212 2864 soli

167 2889 210 2938 illa
220 2891 304 2939 eadem
316 2907 387 2956 prava
402 2901 473 2954 atque
489 2891 569 2955 inepta
583 2890 666 2938 heresi
715 2891 886 2948 meminissent,
895 2891 937 2956 qui
953 2901 1026 2940 autea
1039 2892 1136 2940 fuerint.
1170 2891 1214 2955 Py·

170 2964 265 3012 luerunt
285 2965 393 3019 Dmide,
411 2964 474 3029 apud
497 2965 594 3014 Gallos:
618 2980 667 3028 qna
717 2964 903 3029 thagorasigitur
912 2980 987 3029 quum
995 2963 1118 3028 qnondam
1128 2964 1153 3012 in
1161 2972 1216 3012 tem·

169 3038 200 3086 de
210 3052 235 3086 re
245 3037 332 3092 Cesar,
342 3038 406 3085 Bell.
413 3038 478 3086 Gall.
487 3037 517 3085 ui.
526 3045 544 3066 “
553 3036 667 3102 imprimis
716 3038 757 3103 plo
777 3039 791 3087 J
794 3038 878 3086 nnonis
898 3037 969 3102 plura
987 3036 1087 3085 donaria
1108 3052 1216 3100 suspensa

170 3112 214 3159 hoc
235 3110 317 3159 volunt
336 3110 485 3175 persuadere,
507 3126 553 3159 non
573 3109 668 3158 interire
716 3111 817 3167 videret,
839 3110 951 3175 clypeum
970 3126 1001 3159 ex
1021 3110 1053 3158 iis
1074 3111 1217 3165 monstravit,

170 3184 269 3240 animas,
276 3183 318 3233 sed
330 3186 360 3233 ab
371 3184 424 3233 aliis
432 3194 486 3250 post
495 3193 594 3232 mortem
605 3193 667 3232 tran·
718 3201 798 3249 quem,
809 3201 881 3249 quum
893 3184 1036 3249 Euphorbus
1047 3194 1120 3240 esmt,
1130 3187 1216 3249 gestis·

169 3257 215 3306 sire
232 3258 264 3307 ad
280 3258 354 3318 alios,
372 3268 444 3323 atque
462 3259 506 3306 hoc
522 3258 623 3306 maxime
637 3257 668 3305 ad
718 3266 768 3315 aet,
787 3259 932 3322 clypeusque
941 3257 1063 3306 detractus
1073 3274 1161 3307 nomen
1173 3259 1216 3306 En-

169 3331 280 3378 virtutem
291 3330 389 3379 excitari
404 3340 497 3395 putant,
509 3341 572 3379 metu
588 3328 669 3377 mortis
718 3330 800 3396 phorbi
811 3329 921 3395 preurlit.
942 3331 1028 3395 Clypei
1040 3331 1104 3380 enirn
1115 3347 1146 3380 ex
1158 3346 1217 3380 more

171 3403 306 3465 neglecto.’'
338 3404 385 3452 Sed
407 3403 467 3451 inter
485 3403 626 3468 Pythagorae
644 3411 669 3451 et
719 3414 823 3452 veterum
842 3419 896 3452 cum
915 3404 984 3452 titulo
1005 3403 1122 3469 inscripto
1140 3421 1218 3454 conse·

170 3474 315 3523 Druidarum
333 3477 466 3540 opinionem
487 3477 531 3525 hoc
549 3478 668 3532 intererat,
719 3477 780 3526 caari
798 3477 921 3535 solebent5
943 3477 1029 3540 Virgil.
1047 3479 1105 3525 AEn.
1122 3478 1158 3528 iii.
1173 3479 1219 3527 206

172 3547 236 3611 quod
253 3547 294 3595 ille
308 3549 386 3596 aiebat
401 3550 490 3597 animas
505 3550 625 3599 hominum
639 3550 670 3599 ad
720 3566 773 3615 sqq.
805 3551 887 3598 Sedere
900 3551 996 3599 solenne
1006 3551 1038 3598 de
1050 3549 1130 3607 hasta,
1141 3552 1221 3600 teloet

172 3620 278 3686 pecudes
294 3621 364 3668 etiam
384 3623 482 3671 transire
490 3642 497 3682 3
526 3625 622 3672 bivero
640 3625 670 3672 ad
721 3624 826 3672 vulnere.
860 3623 938 3671 Μίνων
958 3625 1062 3679 Atrides,
1080 3624 1222 3684 Menelaum

173 3693 281 3743 homines
290 3694 348 3741 alios
360 3704 459 3743 tantum.
481 3698 546 3745 Sedes
555 3705 579 3744 et
587 3701 671 3750 domus.
721 3696 884 3761 Agamemnon
894 3707 945 3744 erat
955 3698 1028 3760 major
1040 3706 1110 3745 natu.
1147 3700 1221 3746 Abnu-

173 3784 273 3834 corpus;
292 3767 345 3815 vide
358 3768 388 3815 ad
404 3769 436 3816 xi.
448 3770 504 3817 700.
540 3772 607 3818 Unus
618 3771 671 3819 Mo·
722 3773 764 3819 teis
779 3772 809 3818 ab
820 3770 925 3824 Abante,
938 3769 1027 3834 Lyncei
1044 3770 1094 3818 filio
1104 3772 1222 3833 (Pansae.

172 3844 218 3896 reti
235 3842 307 3891 habet
325 3842 387 3904 Seps,
404 3842 468 3906 quod
487 3858 528 3907 pro
542 3852 615 3906 septo,
631 3853 673 3893 aut
723 3844 862 3909 Corinthp.
874 3843 990 3908 145.)ςαί
1001 3859 1016 3891 a
1026 3853 1095 3908 patre
1105 3844 1221 3909 insignem

173 3920 279 3966 claustro
294 3915 436 3980 capiendum
447 3925 524 3975 esset;
540 3924 567 3963 ut
578 3915 611 3964 ita
621 3933 672 3964 cor·
724 3917 842 3982 clypeum,
852 3933 922 3981 quem
931 3917 1030 3965 Danaus
1040 3919 1099 3966 olim
1110 3928 1224 3981 gesserat,

173 4008 219 4057 pus
240 4006 321 4038 carcer
340 3989 423 4037 animm
442 3999 571 4037 vocaretur.
604 3990 671 4039 rrect-
723 4007 736 4038 e
754 3991 842 4054 templo
854 3991 956 4040 Junonis
972 4001 1115 4056 acceperat;
1133 3992 1225 4057 Hygia.

171 4082 225 4127 pera
245 4065 276 4113 de
296 4064 431 4128 migratione
449 4064 580 4113 animarum
600 4065 671 4115 etiarn
722 4064 838 4113 fatuata.

175 4137 239 4202 apud
249 4137 379 4196 Tibullum,
390 4138 436 4188 lv,
447 4138 462 4187 i.
475 4140 532 4187 210.
