2774 5004
183 123 250 194 116
451 120 518 187 .P.
544 116 709 186 ovlutt
731 116 958 185 nasum.

188 297 276 374 Non
289 295 383 371 adiit
395 304 484 396 apte
494 299 509 384 ;'
525 318 600 368 non
613 293 707 391 legit
719 292 866 379 idonea,
882 290 1010 380 credo,
1120 291 1234 386 [tem
1333 305 1383 376 [-

186 412 392 512 Tempora3
413 434 482 484 nec
497 410 608 509 petiit
620 409 829 505 horamque
841 407 1090 504 animumque
1103 429 1235 481 vacan-
1340 420 1383 499 Q

1343 535 1383 591 τ)

187 526 283 605 lloec
300 551 462 601 nocuere
480 527 591 601 mihi:
620 550 745 624 neque
764 526 865 599 enim
881 525 931 597 de
947 522 1088 619 tigride
1105 533 1234 609 natus;

189 642 225 719 N
228 668 273 720 ec
290 644 429 740 rigidas
447 643 583 728 silices,
604 644 811 716 solidumve
830 640 868 714 in
885 650 1043 738 pectore
1060 638 1213 724 ferrum,

188 759 267 834 Aut
284 760 487 834 adamanta
504 759 612 854 gerit,
632 782 702 831 uec
722 758 782 830 lac
799 755 897 830 bibit
912 754 977 828 ille
995 755 1144 829 leaenae.

190 874 392 950 Vincetur:
414 874 646 973 repetendus
661 873 753 961 erit;
775 896 845 946 nec
863 871 978 944 taedia
993 871 1114 968 coepti
1167 874 1235 943 615

194 990 282 1066 Ulla
299 991 372 1065 mei
392 991 552 1089 capiam,
571 990 662 1062 dum
681 989 834 1087 spiritus
852 987 925 1060 iste
942 987 1127 1061 manebit.

193 1105 293 1182 Nam
311 1108 486 1205 primunr,
507 1105 538 1178 si
556 1104 657 1180 sacta
674 1105 764 1177 mihi
783 1127 959 1178 revocare
976 1103 1123 1189 liceret,
1152 1104 1236 1199 [est.

192 1221 279 1298 Non
303 1224 465 1321 coepisse
489 1220 580 1294 fuit:
614 1231 740 1318 coepta
767 1243 1011 1316 expugnare,
1028 1222 1237 1293 secuudum

190 1338 344 1439 Quippe
356 1362 425 1412 nec
439 1339 500 1410 ille
515 1348 654 1435 potest,
663 1348 706 1409 ut
718 1337 798 1433 jam
816 1359 902 1409 mea
910 1345 999 1409 vota
1012 1334 1236 1432 relinquam,

193 1455 281 1529 Non
297 1466 425 1529 tamen
444 1478 617 1527 ausorum
633 1477 783 1550 semper
800 1475 1040 1526 memorasse
1055 1475 1238 1525 meorum.

194 1568 257 1655 Et,
276 1570 368 1666 quia
384 1569 572 1653 desierim,
592 1567 723 1642 leviter
740 1568 902 1642 voluisse
919 1567 1097 1656 videbun
1169 1570 1236 1641 621

195 1684 405 1759 nuteriam
423 1687 590 1760 tenuisse
609 1685 726 1771 illum,
745 1683 969 1781 insidiisque
987 1684 1148 1781 petisse.

192 1798 265 1874 Vel
282 1811 385 1875 certe
401 1824 475 1873 non
494 1800 577 1886 hoc,
597 1799 664 1897 qui
682 1797 866 1896 plurimus
884 1799 981 1871 ussit
996 1809 1038 1873 et
1054 1799 1133 1872 urit

193 1914 357 1993 Pectora
373 1928 514 2004 nostra,
535 1916 631 2003 Deo,
648 1916 716 1989 sed
733 1915 834 1989 victa
850 1915 1006 1990 libidine
1024 1915 1174 1990 credar.

195 2032 371 2130 Denique
377 2035 457 2130 jam
469 2055 617 2129 nequeo
627 2031 679 2103 nil
690 2029 925 2104 commisisse
936 2029 1157 2107 nefandum.
1169 2036 1240 2107 625

196 2145 247 2224 Et
263 2149 410 2248 scripsi,
430 2160 470 2223 et
487 2148 578 2246 petii
592 2176 601 2236 ;
631 2157 816 2222 temerata
832 2157 892 2241 est
909 2147 1240 2223 nostruvoluntas.

226 2388 285 2438 610.
304 2388 358 2439 Nun
373 2391 441 2447 adiit,
453 2388 517 2453 etc-J
535 2387 603 2437 Idem
614 2403 693 2437 rursus
743 2388 844 2452 wlgeri,
861 2387 933 2437 tedia
953 2389 1050 2456 capient
1065 2405 1116 2441 me.
1148 2391 1243 2452 undu

195 2471 230 2513 ter
240 2460 316 2523 dirit;
334 2477 389 2510 nam
405 2466 470 2511 adire
485 2473 545 2525 opu,
557 2463 630 2527 tegere
643 2464 691 2509 ido-
742 2462 826 2512 Burm.
836 2463 909 2513 Corn.
922 2463 987 2529 Nep.
998 2464 1064 2529 apud
1075 2464 1193 2521 Gellium,
1203 2464 1242 2514 rii.

195 2553 239 2587 neu
256 2546 356 2599 temporo
376 2537 443 2600 (vide
465 2536 495 2586 ud
514 2553 562 2585 ver.
580 2536 650 2594 ott.)
669 2544 693 2584 et
745 2537 783 2585 16.
797 2536 829 2585 Ut
840 2539 929 2586 tedium
941 2540 1116 2600 uitaereperint.
1143 2539 1241 2589 Dictum

192 2620 268 2675 perere
279 2613 356 2659 horum
366 2621 481 2659 micantem
491 2611 574 2660 eodem
585 2610 692 2659 redeunt.
742 2626 798 2674 ergo
806 2620 842 2660 est
853 2620 879 2660 ut
887 2614 977 2676 gaudia
986 2628 1074 2673 capere,
1081 2621 1109 2662 et
1115 2613 1181 2679 apud
1189 2614 1241 2664 Cic.

194 2684 243 2736 ted
254 2686 357 2734 conlusio
371 2687 443 2733 menti
455 2686 564 2734 convenit
575 2686 629 2733 talis
640 2695 693 2733 tau·
744 2685 830 2743 Quint.
845 2686 887 2734 31.
902 2702 981 2748 cupere
995 2689 1184 2746 duricordiam,
1200 2687 1243 2736 mi-

196 2756 292 2820 tulogie.
310 2758 375 2805 lloro
386 2761 518 2819 animosque
530 2758 694 2815 vucuirr,lroru,
744 2758 824 2807 uereri.
854 2758 953 2807 Librarii
974 2759 1019 2807 hoc
1039 2759 1092 2808 loco
1112 2760 1203 2811 hem
1219 2763 1244 2811 in

196 2828 238 2879 ubi
258 2828 351 2877 animus
371 2839 440 2877 vacat
459 2830 586 2879 laboribus.
620 2831 694 2881 lleiu-
745 2830 790 2880 hac
811 2832 922 2882 formula.
963 2832 1068 2881 Notatur
1085 2845 1169 2884 autem
1188 2834 1212 2884 h.
1227 2835 1244 2882 l.

195 2902 245 2955 sius
254 2902 322 2951 mulir
333 2920 376 2950 non
387 2906 598 2963 petiit-vacantis.
745 2905 817 2955 tristis
831 2922 879 2955 sors
894 2906 955 2970 ejus,
967 2907 1009 2971 qui
1024 2922 1039 2956 e
1057 2908 1243 2973 turpissimorum

229 2976 285 3025 612.
303 2974 359 3021 lire
379 2991 426 3023 uon
448 2975 517 3023 modo
538 2976 569 3024 ad
591 2977 695 3040 proxime
746 2979 870 3029 criminum
886 2979 1022 3029 iufamiare
1036 2980 1153 3046 expedire
1162 2981 1245 3041 officit,

195 3047 371 3105 mrecedonria,
382 3048 422 3097 scd
439 3059 464 3097 et
479 3048 509 3097 ad
527 3050 646 3114 superiora
659 3067 694 3099 re·
746 3053 791 3102 nisi
800 3054 867 3102 novis
877 3053 1006 3103 sceleribus
1015 3056 1190 3120 perpetrandis.

196 3118 328 3171 ferendum.
358 3121 410 3171 Nisi
429 3123 501 3187 culpa
521 3133 563 3171 eut
583 3139 634 3172 orca
655 3134 696 3173 aut
779 3129 837 3177 617.
859 3128 932 3176 Facta
947 3145 1059 3187 recusare,
1076 3130 1142 3180 lucta
1158 3130 1245 3183 insece

197 3193 263 3245 mitti
273 3195 373 3245 ministri
382 3207 453 3254 essct,
464 3197 482 3245 si
493 3214 542 3246 rem
554 3198 623 3246 aliter·
634 3208 694 3247 trac·
745 3201 852 3252 reddere.
886 3203 980 3262 Capru
1003 3202 1075 3267 Regii
1096 3203 1171 3252 nostri
1189 3222 1245 3268 ecp-

197 3270 549 3331 duem,victusessersrater;
562 3276 695 3337 nequeenim
747 3288 805 3324 tum.
841 3277 918 3337 Copto
936 3294 1076 3342 euprrgnore,
1089 3287 1171 3343 coeptt
1192 3296 1244 3343 per·

197 3345 226 3393 de
245 3345 340 3408 tigride,
362 3353 409 3394 etc.
444 3346 506 3394 ilinc
528 3347 650 3395 commode
669 3364 697 3395 co
746 3351 824 3399 ficere.
856 3352 955 3399 Fatetur
966 3352 1119 3401 Burmannus
1135 3367 1162 3400 se
1177 3351 1244 3416 iguo·

197 3417 311 3473 defertur,
323 3430 349 3467 ut
358 3435 406 3466 rum
418 3419 495 3468 denuo
507 3429 596 3468 tentare
608 3421 698 3486 cupiat.
747 3424 874 3489 rarelrujus
882 3424 1160 3490 lucutionisexemplum,
1173 3425 1245 3475 Com·

198 3489 286 3540 Verbil
304 3501 383 3540 autern
405 3492 452 3539 illis
471 3497 499 3541 de
521 3497 604 3559 tigride
621 3505 696 3549 iratur,
747 3514 830 3564 parare
849 3499 923 3564 possis
943 3515 972 3547 ex
993 3498 1041 3547 riv.
1061 3501 1104 3547 21.
1126 3516 1246 3564 caprigmr

198 3574 246 3615 ete.
263 3564 360 3613 solenne
383 3567 457 3631 poetis
480 3568 584 3615 animum
601 3569 697 3616 durissi·
748 3574 825 3628 herba,
841 3573 933 3621 efficax.
971 3573 1003 3620 Ut
1012 3576 1076 3634 jum,
1085 3583 1134 3621 etc.
1145 3574 1247 3638 quodsi

199 3654 263 3689 mum
275 3639 408 3688 describere
418 3658 425 3699 3
438 3641 531 3689 vidend
543 3641 581 3690 vii.
590 3644 630 3690 32.
747 3646 819 3694 etiam
831 3662 893 3695 nunc
905 3662 919 3694 a
931 3646 991 3694 votis
1001 3647 1059 3695 meis
1069 3646 1196 3696 absistam.

231 3714 288 3762 616.
308 3713 426 3768 Vincetur,
445 3715 503 3777 etc]
524 3715 618 3763 Novum
636 3720 695 3783 peri·
780 3721 836 3769 611.
857 3720 958 3776 Leviter,
980 3735 1026 3767 nou
1049 3736 1143 3769 summo
1168 3721 1247 3769 furore

199 3788 281 3845 culum
298 3786 374 3836 lucere
391 3788 449 3836 vult.
483 3790 634 3852 Repetendus,
652 3793 694 3840 dc·
744 3801 883 3858 correptam,
894 3793 957 3859 quod
966 3792 1110 3843 excusatius.
1126 3794 1248 3858 Maiorem

199 3878 246 3916 uuo
256 3862 392 3913 tentandus.
408 3861 494 3912 Conlcr
505 3863 638 3922 Horatium,
646 3867 696 3915 Sat.
744 3868 815 3915 ctiam
827 3868 919 3916 veniam
930 3878 1057 3923 merentur,
1069 3866 1111 3932 qui
1121 3883 1138 3916 a
1149 3869 1198 3916 Deo
1208 3867 1245 3917 in-

198 3937 220 3988 l.
238 3938 273 3988 ix.
295 3941 326 3986 55
345 3953 397 4002 sqq.
441 3937 515 3986 Tadio
536 3942 631 4001 copiam,
654 3959 694 4008 pro
745 3942 820 3999 citati,
831 3957 902 4007 quum
914 3943 954 4007 qui
967 3944 1059 3991 libidine
1071 3941 1128 3992 uicti
1139 3953 1230 4010 ament.
