2774 5004
309 342 374 409 383
610 341 648 406 Ρ.
673 338 835 405 OVIDII
860 339 1074 406 NASONIS

312 516 447 589 Inserit
457 529 608 588 amento
618 513 774 610 digitos:
798 513 1272 610 “Miscendaque,’'dixit,
1286 516 1346 587 321

311 632 448 705 “Cum
468 631 587 728 Styge
601 631 687 704 vina
700 630 845 716 bibas,’'
861 629 1055 703 Phorbas:
1075 652 1146 702 nec
1161 630 1272 726 plura
1280 653 1345 702 mo

312 748 545 844 injuvenem
556 747 865 845 torsitjaculum3
886 745 1099 842 ferrataque
1112 745 1214 818 collo
1241 747 1343 840 [ratris

312 862 509 950 Fraxinus,
529 874 571 936 ut
588 885 679 936 casu
693 863 813 960 jacuit
830 860 1041 957 resupinus,
1061 861 1202 933 adacta
1218 871 1290 933 est:

311 976 416 1051 Mors
435 978 555 1052 caruit
573 1001 707 1065 sensu3
737 976 926 1074 plenoque
944 998 965 1048 e
983 985 1135 1069 gutture
1153 974 1266 1047 fluxit
1281 976 1339 1047 333

310 1092 433 1190 Inque
451 1105 564 1179 toros,
583 1093 699 1190 inque
717 1091 802 1189 ipsa
818 1090 923 1186 niger
941 1089 1135 1163 carchesia
1151 1089 1310 1185 sanguis.

310 1207 398 1280 Vidi
412 1233 482 1305 ego
494 1207 695 1294 Petraeum,
708 1215 909 1280 conantem
920 1204 1080 1278 evellere
1091 1218 1194 1278 terra
1211 1203 1336 1301 [ambit

314 1324 570 1397 Glandiferam
599 1345 799 1420 quercum:
842 1344 955 1418 quam
978 1322 1069 1394 dum
1096 1319 1337 1420 complexibus

310 1439 361 1512 Et
378 1441 501 1537 quatit
518 1441 591 1512 huc
609 1439 711 1525 illuc,
731 1437 994 1534 labefactaque
1012 1439 1149 1511 robora
1161 1439 1291 1535 jactat,

310 1552 460 1628 Lancea
477 1553 650 1641 Pirithoi,
671 1555 786 1627 costis
804 1553 973 1625 immissa
990 1552 1142 1639 Petraei,
1279 1553 1336 1624 330

311 1670 475 1744 Pectora
492 1693 578 1743 eum
596 1671 690 1742 duro
708 1668 891 1742 luctantia
906 1667 1038 1741 robore
1057 1668 1155 1741 fixit.

309 1782 469 1858 Pirithoi
487 1787 622 1859 virtute
642 1785 787 1883 Lycum
803 1783 987 1857 cecidisse
1004 1783 1190 1870 ferebant,

308 1899 467 1973 Pirithoi
486 1901 668 1974 cecidisse
685 1901 886 1973 Chromin:
908 1899 976 1973 sed
995 1910 1156 1997 uterque
1174 1899 1335 1973 minoren

308 2014 452 2088 Victori
466 2016 630 2103 titulum,
640 2039 752 2112 quam
766 2017 913 2112 Dictys,
923 2014 1146 2113 Helopsque
1155 2015 1335 2088 dederunt

307 2129 579 2229 FixusHelops
583 2134 724 2228 jaculo,
737 2133 838 2228 quod
850 2129 1269 2230 perviatemporaiecit,
1278 2127 1336 2203 335
1373 2192 1379 2229 r

305 2243 357 2318 Et
374 2245 530 2320 missum
548 2271 572 2320 a
588 2246 724 2322 dextra
740 2249 870 2321 laevam
888 2247 1098 2344 penetravit
1116 2247 1155 2319 in
1174 2270 1309 2321 aurem.
1376 2236 1379 2311 ἷ

308 2361 457 2459 Dictys,
478 2363 526 2436 ab
543 2363 697 2462 ancipiti
714 2363 893 2462 delapsus
907 2364 1081 2438 acumine
1099 2364 1253 2448 montis,
1377 2362 1379 2369 '

307 2476 409 2551 Dum
427 2477 523 2576 fugit
539 2479 741 2554 instantem
759 2478 951 2579 trepidans
972 2478 1104 2552 Ixione
1122 2488 1267 2565 natum,

309 2592 463 2666 Decidit
480 2595 518 2667 in
535 2620 717 2695 praeceps,
738 2607 776 2670 et
792 2595 957 2693 pondere
976 2593 1142 2692 corporis
1159 2617 1290 2667 ornum

306 2705 506 2805 Ingentem
523 2710 645 2807 fregit,
665 2736 810 2810 suaque
828 2712 949 2784 induit
966 2711 1030 2783 ilia
1046 2709 1189 2784 fractae.
1276 2712 1339 2783 340

306 2915 426 2957 amentum
448 2908 538 2958 habens
565 2907 589 2958 in
618 2911 709 2960 medio:
739 2912 804 2960 diets
853 2913 917 2970 5865
944 2911 1028 2959 Horat.
1046 2910 1067 2958 Ι.
1083 2909 1132 2959 Od.
1146 2909 1179 2959 ix.
1203 2912 1241 2960 l2.
1273 2909 1343 2959 Verba

307 2988 387 3028 autem
397 2980 489 3037 lances,
500 2983 557 3046 quia
566 2997 635 3047 nque
643 2983 721 3041 lance,
730 2992 757 3032 nt
768 2998 804 3034 est
852 3001 906 3031 enm
920 2987 979 3032 duro
994 2987 1070 3032 robore
1085 2985 1206 3049 conjunge
1219 2986 1343 3048 cumfieiu

306 3052 393 3117 aequali
411 3063 507 3103 amento
520 3056 651 3120 ponderata
671 3058 803 3106 vibratur.'’
852 3057 914 3107 inira
928 3074 977 3106 ver.
994 3060 1057 3108 387:
1075 3058 1145 3122 offiso
1160 3069 1192 3107 set
1210 3077 1262 3108 eun
1270 3061 1344 3125 Μ

309 3126 342 3174 Ut
352 3131 498 3190 rossjucssit,
510 3128 564 3177 vino
578 3129 641 3178 enim
656 3129 745 3195 sopitus
756 3146 803 3178 non
852 3148 947 3190 monum
965 3149 988 3181 v.
1001 3135 1055 3180 125.
1066 3134 1207 3196 destrofisn
1215 3145 1248 3182 est
1258 3145 1279 3182 et
1290 3136 1344 3198 ugo

306 3215 331 3249 se
342 3211 503 3268 composuerat
514 3203 612 3268 inpelle
623 3219 675 3252 sus.
852 3206 950 3254 cohesit.

339 3276 396 3324 ³25.
416 3277 480 3325 Mors
496 3281 574 3325 caruit
595 3294 676 3335 sensu
699 3286 804 3327 mortuus
886 3282 943 3328 334.
961 3281 1073 3329 Minorem
1095 3283 1192 3329 titulun
1213 3282 1280 3346 (scil.
1298 3281 1343 3347 glo

204 3372 212 3387 ο
305 3357 342 3396 est
352 3347 401 3397 sine
410 3364 479 3397 sensu
488 3350 704 3399 dolorisotmortis.
723 3351 803 3408 Pleno,
853 3353 925 3415 riom)
940 3354 1058 3403 dederunt
1070 3354 1134 3402 haud
1149 3354 1234 3414 dubie,
1247 3357 1302 3422 quis
1313 3356 1345 3420 ig·

306 3420 362 3485 quia
376 3421 478 3470 multum
494 3424 615 3487 sanguinis
631 3424 686 3474 inde
700 3427 801 3490 produc·
852 3428 950 3477 nobiles.
983 3431 1099 3476 Adestrn
1112 3429 1233 3495 conjunge
1248 3446 1345 3493 eumps-

303 3495 354 3541 bet.
388 3494 434 3542 Per
451 3505 508 3543 toros
525 3513 571 3545 non
594 3498 693 3546 arbitror
714 3498 801 3546 lectum
851 3505 959 3557 serravit,
980 3517 1028 3551 non
1054 3518 1109 3551 eum
1136 3506 1239 3563 munem,
1261 3521 1291 3555 ne
1314 3507 1344 3552 its

303 3565 414 3630 intelligi,
425 3583 484 3616 urere
499 3569 596 3633 pellem,
608 3569 632 3618 in
645 3585 695 3634 qun
707 3570 747 3619 ille
760 3587 801 3620 cu·
850 3574 931 3639 capias
941 3584 968 3624 ut
980 3575 1004 3622 ii.
1012 3577 1070 3624 ³11.

304 3639 385 3696 babet,
396 3639 438 3688 sed
449 3641 533 3705 pulpas
544 3641 652 3705 pectoris.
883 3650 940 3696 337.
957 3651 1060 3711 Ancipiti
1072 3649 1186 3700 Heinsius
1193 3653 1226 3701 ad
1236 3653 1343 3703 Claudio-

337 3713 394 3761 ³27.
416 3714 596 3763 Petrensetiam
611 3724 647 3764 est
661 3716 685 3764 in
696 3716 732 3774 iis,
743 3734 801 3782 qnos
850 3737 915 3778 num,
937 3723 986 3772 viii.
1005 3726 1062 3773 293.
1082 3724 1197 3789 explicat,
1219 3729 1342 3795 precipitir

304 3784 423 3835 Hesiodus
431 3795 555 3836 memorat.
587 3787 720 3855 lbipiyoc.
754 3792 799 3839 lto
850 3795 1000 3861 sedprrsstat
1017 3796 1080 3845 haud
1095 3797 1342 3851 dubielectiomulto·

303 3864 356 3910 born
369 3865 465 3924 jorim,-
485 3865 579 3924 jactare
600 3863 800 3915 vehementiorem
849 3884 901 3917 rum
915 3869 987 3916 MSS.
1003 3874 1117 3933 ancipitis,
1133 3872 1160 3921 id
1176 3884 1223 3931 est,
1239 3875 1342 3943 bicipitis.

302 3935 341 3986 hie
369 3945 457 3986 motum
485 3936 584 3993 indicet,
607 3953 679 4002 quam
702 3944 799 4006 agitare,
850 3941 1156 4009 Induitiliosrortae,dum
1173 3947 1257 3998 trecen
1271 3959 1342 4015 partes

302 4010 376 4078 quod,
387 4020 507 4077 tamqnam
518 4013 645 4077 proprium.
657 4013 798 4077 plerumque
845 4023 972 4080 penetrant
983 4016 1008 4064 in
1018 4017 1060 4066 ilia
1070 4019 1120 4067 orni
1130 4019 1223 4070 irsetae.
1242 4023 1340 4072 Gronov.

301 4101 357 4135 rere
371 4085 401 4134 de
415 4086 492 4135 ventis
506 4094 530 4135 et
546 4087 679 4135 hominibus
693 4089 798 4136 arborem
848 4092 879 4138 ad
896 4091 1018 4148 Senecam,
1033 4093 1107 4143 llere.
1122 4095 1179 4144 Fur.
1197 4097 1271 4147 1³12.
1284 4097 1340 4146 nale

301 4160 491 4210 concutientibus
503 4171 642 4227 usurpator;
653 4160 669 4211 i.
680 4163 728 4211 303
739 4181 746 4222 ;
757 4161 798 4210 vii.
848 4165 905 4229 legit
908 4167 1002 4229 fronte.
