2774 5004
306 340 374 408 δαὶ
472 388 475 393 ·
590 338 630 402 Ρ.
653 337 816 405 OVIDII
839 339 1053 408 Nasoms

306 514 408 590 Ante
420 511 557 588 fretum
573 523 633 587 est
649 513 794 609 ingens,
809 513 954 612 apicem
968 511 1153 592 collectus
1172 517 1210 591 in
1224 509 1338 605 unum,

307 629 437 726 Longa
454 629 535 702 sine
553 629 747 702 arboribus
766 653 959 704 convexus
972 632 1021 705 ad
1039 655 1196 730 aequora
1211 645 1338 708 vertex.

307 746 491 821 Constitit
508 744 569 818 hic
584 772 593 834 ;
623 756 662 819 et
679 755 761 818 tuta
777 747 874 834 loco,
893 759 1167 836 monstrumne,
1189 749 1332 824 Deusne

306 861 456 947 Illesit,
474 860 665 957 ignorans,
686 861 967 959 admiraturque
984 865 1165 952 colorem,

305 976 769 1074 Caesariemquehumeros
777 979 1026 1077 subjectaque
1034 992 1340 1077 tergategenten,

304 1093 526 1189 Ultimaque
537 1091 812 1190 excipiatquod
824 1095 960 1195 tortilis
967 1095 1123 1192 inguina
1133 1097 1267 1195 piscis.
1282 1102 1341 1170 915

306 1209 451 1284 Sentit:
480 1219 520 1281 et
536 1208 714 1296 innitente,
734 1234 819 1306 quoe
838 1213 966 1286 stabat
982 1213 1170 1310 proxima,
1191 1212 1297 1302 moli;

304 1326 341 1402 N
344 1351 393 1400 on
410 1348 481 1422 ego
498 1323 724 1422 prodigium,
743 1346 818 1398 non
836 1351 920 1400 sum
937 1327 1018 1401 fera
1034 1329 1178 1415 bellua,
1196 1330 1317 1426 virgo;

306 1442 399 1515 Sum
421 1439 541 1527 Deus,
566 1440 702 1537 inquit,
727 1464 857 1538 aquae3
890 1468 961 1518 nec
981 1446 1103 1542 majus
1130 1444 1173 1518 in
1202 1466 1341 1542 aequora

454 1555 615 1629 Proteus
937 1610 940 1614 »
1282 1562 1340 1635 918

301 1672 325 1745 J
327 1697 371 1746 us
384 1670 512 1757 habet,
527 1682 593 1745 aut
605 1671 747 1759 Triton,
764 1672 1123 1748 Athamantiadesve
1143 1673 1337 1750 Palaemon.

300 1788 401 1860 Ante
418 1798 546 1859 tamen
564 1787 731 1860 mortalis
750 1811 872 1862 eram:
903 1790 971 1863 sed
990 1790 1139 1863 scilicet
1156 1792 1246 1865 altis

300 1902 464 1975 Deditus
481 1903 708 1998 aequoribus,
722 1904 804 2000 jam
822 1915 903 1977 tum
920 1906 1126 1979 exercebar
1144 1907 1185 1980 in
1203 1908 1290 1982 illie.

300 2017 401 2092 Nam
417 2016 529 2088 modo
546 2017 733 2089 ducebam
750 2018 928 2093 ducentia
944 2020 1038 2094 retia
1053 2021 1205 2118 pisces;

300 2134 413 2210 Nunc
431 2134 468 2205 in
487 2132 584 2205 mole
602 2134 739 2206 sedens
757 2136 978 2209 moderabar
995 2137 1182 2211 arundine
1200 2137 1324 2212 linum.

302 2251 401 2324 Sunt
417 2248 524 2322 viridi
543 2260 649 2348 prato
669 2250 831 2324 confinia
848 2252 968 2339 litora,
988 2274 1149 2350 quorum

298 2367 431 2440 Altera
446 2387 534 2463 pars
552 2361 676 2452 undis,
687 2388 774 2463 pars
792 2368 911 2442 altera
927 2366 1092 2464 cingitur
1108 2367 1258 2459 herbis3
1279 2372 1338 2444 925

299 2481 403 2568 Quas
420 2504 546 2578 neque
564 2481 767 2578 cornigera
785 2508 911 2557 morsu
927 2484 1057 2558 lasere
1071 2484 1273 2581 juvencae3

300 2597 383 2673 Nec
400 2596 560 2695 placidae
578 2597 771 2695 carpsistis
788 2623 890 2685 oves,
909 2599 1061 2672 hirtaeve
1079 2600 1262 2701 capellae:

329 2848 386 2897 912.
408 2848 538 2895 Monstmm
559 2854 653 2912 propter
675 2846 797 2896 inferiores
846 2863 938 2909 corporo
951 2850 1062 2910 putarim
1083 2853 1108 2895 et
1122 2861 1165 2913 ep.
1177 2846 1340 2898 Claudiamde

297 2923 398 2988 corporis
407 2930 494 2987 purten,
507 2922 570 2969 Dour
585 2929 679 2985 propter
690 2921 796 2986 superio·
845 2921 949 2977 Tritone,
964 2921 1016 2975 Qum
1026 2923 1105 2982 pristis
1114 2924 1232 2970 comm
1242 2927 1300 2971 utro.

296 3010 343 3044 res.
363 2993 742 3058 Tortilis,Schirachinrerplicat,
753 2995 794 3058 qui
877 2995 934 3042 916.
952 2993 1066 3048 lunttou,
1081 3009 1136 3042 nam
1152 2994 1237 3044 sedere
1252 3011 1297 3044 non
1307 3011 1341 3061 po

296 3084 322 3117 rc
333 3069 402 3118 facile
414 3076 514 3132 torquet.
542 3068 626 3123 Immo,
637 3068 707 3132 cujus
716 3069 794 3117 cauda
844 3076 905 3116 terat
915 3067 1020 3117 biformis
1031 3068 1146 3117 Glaucus.
1164 3069 1220 3127 ἆυ,
1231 3080 1342 3135 potem,

295 3141 638 3208 obliqnacurvatarinarcurn.
655 3141 709 3205 Ipse
718 3141 793 3190 Glau-
847 3157 894 3192 non
916 3143 1012 3190 minoris
1034 3142 1158 3206 dignitatis
1177 3151 1202 3191 et
1228 3144 1342 3209 potestatis

296 3230 339 3265 cur
361 3232 414 3264 mox
436 3232 486 3265 ver.
502 3217 561 3264 963.
580 3212 698 3277 cruraque
715 3218 792 3278 pinni·
845 3216 912 3264 Deus
929 3231 981 3263 turn
998 3216 1112 3264 murinus.
1148 3217 1268 3266 Palemon
1284 3220 1342 3266 Deus

294 3307 349 3355 gero
360 3300 455 3338 curvato
462 3293 581 3338 nouissima
588 3292 664 3352 pisum
680 3304 751 3355 supra
760 3289 795 3339 iii.
845 3290 949 3338 marinus
958 3289 984 3336 lit
994 3289 1026 3337 iv.
1038 3291 1096 3338 540.

296 3366 354 3412 ott.
376 3363 406 3411 de
427 3364 554 3429 delphinis,
562 3364 659 3427 falcata
679 3366 795 3411 novissimo
876 3365 932 3413 925.
951 3364 1048 3421 Hortis,
1062 3364 1341 3431 Quotusqrucornr'gerae,

296 3439 370 3484 careda
388 3447 429 3492 ert,
451 3439 537 3490 Qualia
556 3441 654 3487 dividua
670 3442 796 3487 donantur
844 3438 903 3500 ete]
923 3439 1008 3486 Herbe
1019 3453 1113 3502 prorsus
1128 3438 1237 3496 intacto,
1249 3448 1277 3488 nt
1291 3440 1343 3488 edm

295 3525 381 3558 cornua
393 3509 473 3557 Luna.
490 3512 521 3558 Et
530 3511 562 3558 ita
572 3510 721 3566 Tritoni,cui
730 3512 794 3561 rimi·
845 3526 889 3559 nec
906 3512 963 3567 tera,
975 3528 1019 3561 nec
1036 3512 1105 3560 homo
1122 3512 1189 3562 ullus
1202 3514 1342 3563 rimemur

295 3583 324 3631 lis
340 3583 455 3638 Glaucus,
466 3581 595 3647 δικραίραν
611 3583 708 3643 ἀλείην,
719 3584 794 3633 bicor·
845 3586 946 3669 experiri
963 3586 1073 3651 potuerit·
1108 3587 1191 3635 Mum
1208 3591 1292 3637 tedere
1306 3603 1342 3636 er-

295 3655 795 3720 remcaudamtribuitrlpollon.Rhodius,
844 3659 961 3724 quuitius,
987 3675 1067 3724 quam,
1094 3661 1213 3709 mordere.
1251 3663 1344 3711 Tulit-

295 3730 328 3780 ἰν.
347 3730 421 3790 1640;
438 3730 532 3793 lfiaetum
549 3747 621 3777 cornu
639 3731 702 3796 apud
720 3732 794 3782 Clau·
842 3737 952 3791 collectos,
962 3735 1064 3800 plenium
1077 3748 1159 3798 quam,
1170 3735 1283 3800 collegit;
1294 3735 1342 3784 Vir·

293 3805 436 3862 dionomia
449 3807 503 3853 146.
537 3806 625 3853 Glauci
640 3806 737 3854 lormam
752 3826 793 3856 ex·
843 3807 921 3872 gilius,
939 3809 1029 3872 Georg.
1050 3808 1083 3857 iv.
1099 3811 1142 3857 54.
1162 3821 1256 3858 metuat
1267 3812 1342 3871 floret·

295 3880 493 3946 tibetLipperras
504 3880 528 3927 in
539 3879 662 3944 Dactyli.
674 3882 713 3930 75.
740 3883 794 3932 Cre·
845 3882 953 3930 Gerrioliu
981 3892 1050 3939 remu,
1072 3896 1171 3930 coronas
1198 3884 1340 3935 convivata.

294 3963 371 4004 terum
381 3968 423 4021 pro
432 3956 499 4018 piscis
507 3952 618 4002 Heinsius
627 3963 651 4003 ct
660 3956 794 4006 Gronovius
843 3956 929 4019 quibus
950 3966 1046 4004 ornatur
1069 3968 1151 4020 caput,
1176 3972 1253 4021 quum
1277 3956 1342 4022 genio

293 4029 424 4095 conjiciunt
447 4032 532 4093 pristis,
553 4040 625 4093 atque
651 4030 723 4079 ctiam
745 4048 793 4080 ver.
842 4028 994 4095 indulgetur;
1010 4031 1044 4079 ric
1057 4032 1254 4092 r.96.pluturrur
1265 4035 1340 4098 geuio-

295 4104 352 4152 963.
366 4107 444 4166 priste,
460 4112 487 4153 ut
502 4100 566 4168 apud
582 4102 715 4168 Virgilium,
733 4107 792 4154 AEn.
845 4105 887 4162 lit,-
905 4105 969 4153 etiv.
982 4106 1022 4153 14.
1032 4107 1196 4170 gaurana«.

295 4176 330 4225 iii.
340 4177 404 4226 427.
421 4176 452 4227 de
470 4176 559 4242 scytis,
577 4187 686 4239 potorem
700 4182 794 4228 mmai
