2774 5004
162 310 207 374 44
456 304 495 368 Ρ.
519 303 683 370 ovlnn
708 302 921 370 NASONIS

166 483 272 557 Affer
288 503 422 579 opem3
452 500 676 576 mersaque,
695 501 843 576 precor,
858 475 1008 553 feritate
1025 488 1183 576 paterna

168 601 241 686 Da,
259 598 451 698 Neptune,
467 598 614 671 locum:
634 597 694 669 vel
712 595 763 669 sit
777 595 883 669 locus
902 594 986 693 ipsa
1002 595 1153 683 licebit3

168 712 728 812 Huncquoquecomplectar.'’
756 711 879 785 Movit
891 722 1008 810 caput
1017 734 1213 810 aequoreus

168 831 447 928 concussitque
465 830 542 904 suis
559 852 691 902 omnes
709 827 928 902 assensibus
942 827 1089 901 undas:
1119 827 1212 923 ires,

168 946 355 1022 Extimuit
373 947 408 1020 N
413 947 575 1046 ymphe3
605 947 721 1020 nabat
737 957 886 1020 tamen:
915 944 998 1042 ipse
1015 942 1183 1018 natantis

167 1063 330 1138 Pectora
347 1067 550 1160 tangebam
567 1063 716 1161 trepido
734 1060 907 1136 salientia
923 1071 1028 1134 motu
1042 1085 1051 1133 τ
1145 1061 1213 1133 606

168 1179 348 1277 Dumque
366 1204 413 1255 ea
429 1190 635 1265 contrecto,
656 1189 776 1253 totum
793 1178 995 1251 durescere
1013 1176 1118 1251 sensi

170 1294 331 1394 Corpus,
351 1308 391 1371 et
407 1297 562 1371 inducta
579 1293 690 1368 condi
710 1291 918 1391 praecordia
934 1301 1048 1367 terra.

168 1410 272 1485 Dum
290 1413 435 1512 loquor,
455 1414 633 1512 amplexa
650 1420 710 1484 est
726 1421 831 1483 artus
849 1433 947 1484 nova
968 1420 1070 1485 terra
1085 1416 1215 1482 natan

168 1525 219 1601 Et
236 1529 359 1624 gravis
374 1530 532 1605 increvit
547 1528 702 1601 mutatis
720 1527 844 1601 insula
861 1526 1056 1599 membris.
1128 1526 1214 1620 [tes

218 1643 288 1718 VI.
308 1645 441 1719 Amnis
456 1648 504 1721 ab
522 1646 582 1718 his
596 1645 732 1718 tacuit:
752 1643 895 1717 factum
912 1641 1085 1716 mirabile
1101 1663 1216 1715 cunc-

170 1757 365 1834 Moverat:
395 1759 524 1834 irridet
541 1759 761 1847 credentem
790 1770 910 1857 utque
929 1758 1098 1832 Deorum
1143 1758 1217 1852 [tos

202 2009 341 2058 60011οΜ
351 2012 595 2074 ququssompisetor3
607 2011 669 2059 Bur·
720 2009 848 2059 festinans
866 2009 961 2058 librario
978 2008 1065 2065 omini,
1078 2014 1122 2057 sut
1138 2009 1170 2058 ab
1183 2021 1218 2063 aa,

170 2097 272 2132 mannus
283 2083 366 2134 mallet
376 2085 415 2134 Sic
425 2103 517 2150 pioque,
527 2085 579 2135 sine
589 2100 670 2134 eausa
720 2084 762 2149 qni
779 2093 907 2150 postremos
917 2098 999 2132 versus
1013 2082 1133 2147 genuinos
1148 2091 1217 2148 puta·

171 2156 285 2206 Heinsius
306 2157 347 2223 qui
374 2161 432 2208 basse
453 2176 483 2209 es
504 2159 671 2209 vetustioribus
720 2169 765 2215 ret,
778 2157 953 2221 utegosentio.

172 2229 270 2287 invexit,
288 2231 436 2300 explicabat,
450 2242 575 2300 postquam
592 2233 617 2283 in
633 2232 670 2283 ia·
753 2233 891 2283 ott-724.
919 2232 1038 2281 Putem
1065 2241 1088 2281 at
1111 2230 1216 2295 Barda]

171 2307 248 2355 sulam
259 2306 305 2356 erit
318 2323 438 2358 consess.
468 2310 671 2372 Gornptsetomn·
722 2309 755 2358 Ut
782 2307 933 2354 Menecrates
960 2304 1080 2353 Xantbius
1105 2305 1220 2371 Lyciseas

171 2378 209 2428 dis
228 2380 287 2430 meis
308 2381 405 2431 siluam.
440 2383 670 2433 Movit-concussit·
720 2381 1219 2448 tabulascollegerat‚undevi.313sqq.

172 2470 223 2517 que,
238 2463 286 2504 stc.
300 2456 376 2505 instar
389 2459 466 2516 Joris,
481 2458 500 2508 i.
514 2460 570 2508 179.
596 2460 672 2508 Movit
720 2474 769 2508 una
779 2459 879 2523 repetita
889 2465 934 2514 est,
944 2456 979 2506 sic
993 2457 1055 2506 nlius
1067 2456 1218 2524 sempternu-

171 2537 250 2590 eaput,
277 2528 341 2579 idem
376 2531 449 2596 quod.
485 2533 569 2582 annuit
594 2534 670 2598 preci·
721 2533 766 2582 tuit
780 2532 897 2598 Phrygias
917 2541 1026 2589 tractare,
1044 2548 1146 2597 quarum
1167 2547 1219 2597 pars

171 2602 225 2651 bus.
721 2608 773 2657 brec
790 2617 869 2657 nostra
887 2615 932 2655 est.
966 2607 1027 2655 Eam
1044 2622 1101 2655 vero
1118 2606 1219 2654 Ovidius

204 2677 261 2727 606.
272 2678 387 2728 Extimuit
399 2679 513 2744 Nympho,
521 2680 583 2743 etc.]
592 2680 669 2729 Hein-
721 2681 879 2748 copiosissime
891 2681 1076 2746 saevissimeque
1089 2681 1220 2730 exornavit.

170 2747 205 2799 sio
223 2750 261 2801 bic
279 2770 360 2803 versus
378 2761 403 2803 et
419 2763 466 2804 tres
486 2764 612 2819 sequentes
628 2755 670 2804 de·
720 2755 878 2806 Ruhnkenius
888 2754 918 2804 ad
927 2754 1069 2805 Callimachi
1079 2754 1221 2820 fragmenta,

170 2824 237 2874 leudi
246 2826 356 2877 ridentur
368 2837 409 2878 aut
423 2831 508 2878 saltem
524 2829 572 2878 duo
587 2831 635 2879 609
646 2837 671 2879 et
721 2833 877 2897 petraeum
891 2830 1024 2897 suspicatur
1033 2831 1109 2878 multa
1120 2846 1150 2879 ex
1160 2830 1218 2879 Cal·

172 2900 221 2946 610
238 2900 306 2963 (vide
324 2901 385 2951 infra
402 2913 481 2951 notam
499 2903 570 2965 606)
589 2920 619 2953 ne
633 2903 671 2952 bis
720 2906 818 2955 limachi
835 2907 928 2955 Hecale
942 2913 1075 2954 mutuatum
1091 2919 1154 2960 esse,
1167 2920 1219 2970 qus

171 2970 237 3020 idem
256 2972 357 3024 dicatur.
391 2976 542 3024 Burmannus
560 2977 672 3025 admonet
721 2981 815 3046 etipsa
833 2979 911 3028 iuerat
927 2994 988 3027 auus
1004 2979 1161 3044 paupercuia,
1179 2978 1220 3028 sed

173 3045 290 3102 &mbo
304 3055 327 3095 et
341 3049 390 3097 606
408 3051 490 3098 abesse
505 3050 672 3098 aFrancofur-
722 3051 883 3119 hospitalitate
898 3052 1005 3118 insignis.
1038 3052 1121 3116 Hyriei
1139 3053 1221 3102 fabula

174 3118 244 3176 tensi,
252 3128 277 3168 et
287 3119 346 3169 duos
356 3130 482 3186 sequentes
492 3121 564 3170 tuisse
572 3121 672 3186 margini
723 3126 778 3175 buic
798 3138 882 3176 nostru
898 3126 981 3175 similis
998 3134 1107 3175 narratur
1122 3126 1186 3176 Fast.
1197 3143 1221 3175 s.

174 3191 299 3258 ascriptos.
338 3194 483 3261 Tergebam
502 3195 673 3246 Ambrosianus
722 3202 770 3250 499
781 3218 833 3267 sqq.
861 3200 1084 3266 Abbiapostboc.
1114 3201 1219 3258 Factam,

173 3272 198 3314 et
218 3283 280 3316 unus
300 3269 434 3326 Medicam,
455 3272 587 3325 mulcebam,
608 3269 672 3335 quod
722 3282 750 3323 ut
760 3291 830 3324 versu
840 3277 889 3325 576
900 3284 925 3324 et
938 3276 1002 3324 726:
1021 3290 1069 3323 non
1078 3275 1151 3339 igitur
1162 3285 1220 3332 erat,

175 3341 270 3393 amanti
291 3343 368 3408 aptius
392 3342 487 3408 judicat
512 3344 672 3396 Burmannus.
722 3364 764 3398 cur
780 3349 893 3398 Heinsius
901 3350 984 3415 sutum
996 3349 1115 3399 suaderet.
1148 3348 1219 3414 Regii

174 3412 670 3484 Immotampericulosotcmpore,tangs·
722 3424 804 3480 nostri,
823 3425 927 3490 juetam.
978 3424 1090 3479 Moverat,
1118 3424 1220 3473 admira·

129 3550 140 3564 ⁸
176 3485 213 3534 bet
223 3488 301 3551 potius
313 3490 424 3555 amplexu
436 3501 542 3557 pectora.
721 3499 786 3549 tione
805 3508 830 3547 et
851 3507 917 3547 metu
939 3499 1045 3547 Deorum
1072 3497 1221 3564 impleverat,

208 3561 265 3610 608.
277 3562 446 3614 connumeret
456 3580 493 3622 ea,
502 3581 556 3629 que
563 3566 588 3614 in
600 3567 672 3616 aliam
723 3572 816 3635 Spretor
839 3578 940 3625 Deomm
961 3581 1012 3620 erat
1033 3571 1064 3619 ad
1085 3573 1220 3637 exemplum

175 3631 273 3682 formam
289 3643 429 3698 transeunt,
447 3639 501 3688 vide
518 3640 548 3688 ad
567 3641 599 3689 ir.
615 3642 672 3691 869.
723 3645 1100 3712 IsionispatrisetPhlegyssari.
1120 3647 1156 3708 Et
1166 3646 1221 3696 telis

176 3706 294 3771 Equidem
309 3711 416 3769 arbitror,
426 3728 507 3762 versus
520 3715 568 3764 609
584 3724 609 3765 et
624 3717 673 3766 610
723 3721 796 3770 etim
812 3725 893 3770 mentis
900 3722 978 3786 feror,
989 3729 1068 3770 mente
1079 3720 1161 3779 feroci,
1171 3737 1221 3771 esse

177 3780 241 3828 Dum
263 3785 473 3845 loquor-membris
493 3804 544 3837 essa
565 3805 672 3839 resecan-
722 3797 791 3845 solct.
830 3796 862 3844 Ut
883 3796 986 3861 ponitur,
1003 3811 1077 3859 quum
1095 3810 1169 3845 causa
1188 3795 1221 3844 rei

176 3853 234 3914 dos3
250 3871 304 3904 nam
320 3857 409 3922 priores
421 3870 522 3925 quatuor
536 3863 611 3912 multo
624 3864 672 3914 ele·
723 3885 751 3919 es
765 3869 869 3918 moribus
883 3868 984 3933 alicujus
994 3867 1115 3933 repetitur.
1145 3869 1222 3918 Istone

175 3928 296 3994 gantiores
305 3941 369 3982 sunt.
400 3934 471 3990 Quod
485 3935 532 3984 duo
547 3952 576 3985 er
590 3936 619 3986 iis
631 3939 672 3987 ab·
723 3953 806 4002 notun
824 3942 915 3991 Ixionis
929 3942 992 3990 tilius
1007 3958 1036 3990 ex
1048 3941 1221 3992 Centaurorum

176 4012 233 4053 sunt
249 4006 463 4056 aFrancoiurtensi
473 4009 572 4069 Codice,
584 4019 608 4060 et
620 4029 673 4079 sqq.
722 4033 817 4083 genere,
839 4018 879 4082 qui
906 4018 1022 4082 Superum
1049 4026 1222 4083 contemptores

176 4076 224 4127 duo
243 4078 268 4128 in
285 4080 390 4146 margine
406 4082 510 4149 ascripti,
527 4083 552 4133 id
574 4086 632 4136 nihil
649 4087 673 4136 in
723 4091 869 4140 inducuntur
887 4090 994 4157 apostis
1008 4099 1036 4139 ut
1052 4101 1077 4139 et
1093 4091 1220 4158 Cyclopes.

176 4151 222 4202 bac
236 4169 309 4205 eausa
325 4155 445 4218 decernit5
461 4166 588 4225 patuerunt
603 4171 644 4211 aut
659 4178 674 4212 a
724 4164 749 4212 st
759 4168 815 4214 dont
824 4183 833 4225 ,·
851 4164 922 4215 siem
933 4175 1002 4230 putas
1011 4164 1068 4214 dare
1079 4180 1155 4230 posse.
