2774 5004
181 693 184 700 ¹
289 607 375 681 Hoc
393 609 445 680 illi
464 607 622 681 dederat
638 603 662 677 J
665 605 803 678 unonin
819 603 984 676 muneris
1002 601 1128 689 Hebe,

282 321 348 388 100
578 318 620 383 Ρ.
643 314 806 383 OVIDII
827 312 1043 381 NASONIS

290 493 370 567 Ora
385 479 607 567 reformatus
624 490 765 589 primos
783 485 909 563 Iolaus
926 486 967 561 in
983 509 1115 561 annos.

1265 604 1329 675 400

289 721 404 796 Victa
420 722 487 794 viri
505 721 702 818 precibus:
732 741 818 815 quae
836 740 953 813 quum
967 719 1095 813 jurare
1113 727 1268 815 pararet

293 836 405 910 Dona
422 838 645 910 tributuram
663 834 823 932 posthae
841 856 882 905 se
898 831 989 905 talia
1005 833 1108 920 nulli,

293 951 330 1024 N
333 976 382 1025 ou
393 962 453 1025 est
463 974 575 1050 passa
584 949 756 1024 Themis:
775 958 798 988 “
811 950 984 1045 namjam
994 948 1187 1022 discordia
1197 947 1330 1022 Thebe

295 1067 407 1142 Bella
440 1065 626 1151 movent‚”
662 1065 786 1154 dixit;
829 1074 852 1103 ‘⁴
873 1064 1155 1164 Capaneusque
1187 1065 1262 1139 nisi
1293 1064 1331 1137 ab

443 1181 538 1256 Jove
555 1181 654 1255 vinci

1269 1183 1332 1252 404

328 1415 385 1464 400.
396 1414 466 1472 Hele,
471 1412 673 1481 juveututisDes,
681 1420 794 1479 nupssrst
841 1412 965 1468 Thebano,
974 1411 1005 1461 ds
1016 1427 1063 1477 quo
1073 1420 1098 1461 et
1107 1411 1169 1476 ipso,
1181 1410 1274 1476 quippe
1281 1410 1334 1460 cele·

296 1488 397 1537 Herculi
407 1489 432 1537 iu
442 1490 530 1537 coelum
541 1497 645 1552 recepto.
842 1487 953 1542 berrimo,
982 1485 1112 1534 admiscere
1138 1485 1234 1550 aliquid
1262 1483 1336 1532 voluit.

330 1564 388 1611 404.
407 1564 529 1613 Discordia
542 1563 618 1611 Thebe
628 1564 687 1611 belle
697 1570 794 1617 movent,
844 1560 953 1609 Eteocles
963 1569 988 1609 et
996 1559 1130 1623 Polynioes‚
1139 1559 1211 1606 umbo
1219 1556 1337 1624 OEdipodis

298 1643 431 1700 stonsque
441 1636 551 1686 adfinem
561 1636 658 1684 fabule.
676 1636 794 1683 Beltsmo·
845 1633 901 1690 filiif
916 1632 1008 1682 incluso
1024 1632 1127 1681 cubiculi
1145 1631 1253 1680 tenebris
1271 1640 1337 1697 psus,

298 1720 351 1757 sem
359 1727 368 1766 ,-
386 1725 447 1758 unus
459 1710 588 1757 Vossianus
601 1709 673 1757 hebet
686 1722 778 1756 manens
786 1725 795 1766 ,·
845 1709 876 1756 de
891 1722 963 1771 regno
975 1703 1163 1754 administrando
1177 1704 1213 1753 sio
1228 1720 1340 1754 convene·

298 1781 353 1830 inde
369 1781 481 1830 Heinsius
494 1782 567 1830 etism
580 1781 664 1830 Thebas
675 1783 794 1830 malebat:
846 1789 907 1837 rant,
915 1787 942 1828 ut
952 1780 975 1828 ei
985 1794 1027 1844 per
1037 1793 1128 1827 annues
1136 1777 1338 1843 vieespmessest.

299 1853 350 1902 siue
367 1869 454 1913 ceusu
470 1855 582 1919 Virgilius
598 1853 670 1910 enim,
682 1854 770 1918 Georg.
781 1855 797 1903 i.
848 1854 919 1902 Anno
933 1860 1037 1918 peseto,
1048 1851 1157 1901 Eteocles
1170 1851 1259 1900 cedere
1274 1849 1341 1900 solut

300 1928 357 1976 405.
369 1937 438 1975 movet
458 1927 586 1989 Euphrates
603 1930 694 1976 bellum.
728 1927 798 1991 Regii
848 1927 922 1976 fratri.
955 1926 980 1974 ls
997 1941 1053 1974 vero
1070 1924 1167 1990 adjutus
1183 1925 1215 1974 sb
1235 1924 1339 1979 senso.

300 2000 382 2054 nostri,
389 2011 485 2048 movent.
497 2000 528 2048 Et
536 2000 665 2064 paulopost
673 2003 799 2065 deflentque
849 2001 989 2064 Argivorum
1000 2014 1063 2064 rege,
1073 1999 1142 2067 crpus
1152 1998 1228 2047 liliam
1238 1996 1341 2053 duxeu.

301 2077 327 2122 ln
335 2075 436 2122 vulnere.
451 2073 550 2121 Cessurs
557 2075 696 2130 nonobstst‚
703 2090 745 2122 cur
754 2089 799 2122 non
849 2074 928 2124 nobile
938 2073 998 2122 illud
1008 2073 1096 2122 bellum
1107 2080 1199 2138 septem
1209 2071 1307 2121 heroum
1315 2069 1342 2119 sd

301 2148 439 2213 preferatur
448 2150 514 2196 ibunt
522 2165 531 2205 ,·
549 2148 618 2212 hujus
628 2148 737 2213 exemplu
750 2163 798 2195 non
849 2148 951 2204 Thebes,
968 2152 1019 2197 τῶν
1035 2147 1098 2196 ἑπτὰ
1115 2146 1156 2195 ἐπὶ
1173 2145 1282 2209 esiliam,
1298 2160 1343 2194 sm·

303 2220 389 2270 desum
408 2221 471 2287 spud
492 2221 620 2270 Nostrum:
642 2220 685 2270 lib.
700 2221 741 2270 vii.
757 2222 799 2272 61.
848 2221 919 2286 cepit.
951 2222 1032 2279 Quum
1052 2221 1108 2269 urbs
1126 2235 1175 2268 non
1192 2220 1275 2268 stetim
1293 2217 1342 2284 cepi

304 2297 336 2344 Et
345 2296 389 2343 Dls
395 2296 530 2360 earsferar,
538 2306 560 2343 et
571 2298 655 2343 oerts're
664 2298 737 2344 sideru
746 2305 797 2344 tuss-
848 2303 935 2359 posset,
942 2294 999 2359 regii
1007 2295 1090 2342 fratres
1096 2292 1210 2357 singulari
1218 2292 1343 2342 oertsmiue

301 2386 372 2434 gsm,·
390 2370 446 2418 644.
462 2384 585 2431 querorque
604 2367 635 2416 Is
651 2371 737 2431 superis
753 2371 800 2430 opis
849 2367 1068 2432 decertsut‚inquo
1077 2367 1203 2432 Polynices
1209 2367 1284 2424 cedit,
1294 2368 1344 2416 Ete-

302 2442 430 2500 esssnr'h1'13
448 2442 669 2496 asisedibusete.
696 2442 800 2490 Subduc·
850 2443 914 2490 oeles
935 2449 1015 2490 sutem
1035 2440 1092 2488 dum
1113 2439 1244 2505 spirsutem
1271 2441 1344 2489 sdhus

304 2524 384 2578 tuqus5
401 2517 553 2563 Burmannus
569 2513 635 2562 dedit
650 2517 785 2577 seductaque
790 2532 800 2574 ,·
850 2517 944 2565 tratrem
955 2514 1048 2579 spoliat,
1060 2514 1091 2562 ab
1101 2529 1129 2562 eo
1140 2513 1222 2578 gladio
1232 2513 1345 2579 tnnsdgi-

304 2587 347 2637 sed
363 2597 388 2637 et
404 2587 488 2637 suades
504 2590 608 2643 diducto.
626 2595 668 2635 sut
684 2603 737 2636 eum
755 2604 802 2637 uno
851 2599 897 2639 tur.
913 2591 952 2638 Sic
963 2591 1026 2638 dans
1037 2591 1061 2636 s'n
1072 2587 1344 2653 sslners,quoddictum

304 2662 460 2713 Ambrosisno
469 2665 551 2710 diuisa.
570 2660 701 2725 Vulgarum
712 2661 802 2710 dietum
852 2672 896 2719 est,
907 2671 934 2711 ut
949 2667 983 2710 ire
995 2665 1021 2709 s'n
1036 2678 1108 2718 srmu,
1119 2665 1143 2709 ts
1157 2663 1225 2710 lello.
1258 2661 1346 2710 Lsudst

305 2746 333 2786 ut
349 2736 413 2802 npud
431 2736 516 2801 Virgil.
528 2734 625 2784 AEneid.
637 2734 671 2783 iii.
681 2736 738 2783 565.
750 2738 802 2783 sub·
851 2734 965 2784 Heinsius
973 2735 1155 2794 sresresulterss
1163 2737 1187 2782 is
1196 2736 1294 2783 viderere
1303 2736 1347 2782 lero

305 2813 376 2860 ductu
389 2813 420 2859 ud
433 2827 508 2858 messes
523 2813 578 2857 imos
594 2811 716 2857 desidimus
730 2811 803 2856 undo.
853 2809 931 2857 Morte
941 2818 1019 2863 ruent,
1030 2807 1107 2863 Statii,
1118 2806 1236 2856 Tbebsid.
1246 2807 1297 2856 viii.
1308 2809 1346 2856 70.

306 2885 342 2931 Ab
352 2884 408 2932 Jove
418 2884 534 2931 Callirhoe
547 2885 608 2931 nutis
619 2882 747 2944 insontibus
760 2901 803 2931 an·
852 2882 891 2930 Sic
908 2882 1031 2938 Manilius,
1042 2881 1177 2930 Astronom.
1192 2881 1227 2930 iv.
1240 2883 1281 2930 04.
1297 2882 1346 2930 Mu·

304 2972 354 3003 nos.
388 2957 445 3003 Post
460 2955 524 3004 hunc
535 2971 628 3003 versum
644 2954 699 3002 olim
716 2955 803 3003 edebe-

306 3036 352 3083 tur,
363 3035 452 3091 puncto
462 3029 556 3091 reJeetn,
565 3028 655 3074 Addat.-
667 3044 721 3074 neos
730 3044 804 3076 necem

306 3103 368 3148 sisset
379 3116 423 3147 esse
432 3100 514 3146 ultoris
524 3101 634 3146 inultam.
661 3100 720 3147 Haec
729 3100 803 3149 Hein-

307 3172 357 3220 sius
367 3171 465 3228 delevit,
476 3172 533 3235 quie
544 3187 590 3219 non
602 3172 769 3237 competebant
780 3172 805 3221 in

305 3245 382 3311 primo
391 3244 517 3300 Vaticano,
525 3252 550 3292 et
560 3244 584 3291 in
596 3259 643 3291 uno
653 3260 695 3292 suo
705 3245 805 3308 margini

306 3325 399 3366 tantum
420 3318 522 3382 sscripts
543 3325 624 3366 erunt:
654 3333 708 3382 quse
732 3334 805 3368 cause

306 3389 406 3438 tollendi
419 3390 477 3437 milri
486 3405 533 3438 non
546 3390 604 3438 satis
615 3390 693 3454 gravis
707 3408 758 3441 esse
768 3393 804 3441 vi·

307 3463 384 3520 delur,
401 3473 426 3512 et
442 3463 532 3511 hebent
547 3464 588 3511 illa
604 3473 695 3529 partem
710 3465 805 3516 tabule.

307 3537 406 3585 Sublato
416 3535 461 3584 hoe
472 3552 541 3584 versu
551 3536 581 3584 de
594 3553 641 3601 quo
655 3538 739 3601 agitur,
750 3556 804 3589 sen·

307 3624 347 3658 sus
361 3608 435 3657 heret
449 3615 528 3667 eerte;
547 3618 571 3658 et
586 3609 605 3657 si
623 3625 669 3658 non
683 3611 804 3671 Heinsius,

307 3682 450 3747 quandoque
461 3681 557 3746 quidem
568 3683 686 3741 sudscior,
694 3687 804 3748 gravissi-

307 3771 362 3804 mus
378 3755 414 3803 vir
429 3765 519 3812 tamen,
538 3756 671 3813 delevisset,
689 3757 752 3807 hune
768 3776 804 3809 re·

852 2965 937 3018 suaque
944 2960 1117 3004 armoricoeunt
1124 2958 1149 3003 iss
1157 2956 1256 3004 vsslners
1259 2955 1348 3019 fratres

853 3029 925 3093 (falso
937 3029 1019 3094 Giers'g
1036 3028 1127 3077 dixerat
1138 3044 1188 3076 ver.
1204 3029 1273 3091 173.)
1306 3030 1347 3077 At·

853 3116 900 3164 que
920 3100 966 3149 hoe
987 3111 1023 3150 est
1043 3110 1208 3163 srgumentum
1229 3102 1347 3151 Phoenlss.

853 3175 981 3239 Euripidis.
1012 3174 1043 3222 In
1053 3174 1104 3222 istis
1117 3173 1229 3223 heroibus
1244 3184 1295 3223 eret
1307 3176 1348 3222 Cs-

852 3265 945 3310 puneus.
962 3248 1080 3312 Hipponoi
1097 3246 1168 3304 filius,
1181 3247 1295 3311 Argivus,
1310 3246 1348 3312 qui

854 3338 927 3387 quum
938 3332 1019 3371 contra
1026 3321 1093 3369 Jovis
1103 3320 1251 3369 voluntatem
1258 3321 1350 3370 'llrebss

854 3413 879 3446 se
896 3405 1019 3461 capturum
1036 3394 1142 3450 dixisset,
1158 3410 1253 3444 murum
1271 3410 1350 3444 meen-

854 3470 914 3518 dens
924 3468 1023 3517 fulmine
1036 3483 1162 3534 percussus
1173 3476 1218 3524 est,
1229 3468 1348 3532 Hyginus,

854 3543 903 3591 ssb.
914 3544 945 3590 68
956 3560 962 3600 ;
975 3542 1096 3606 Vegetius,
1107 3541 1139 3588 iv.
1150 3542 1179 3588 21
1191 3559 1198 3600 ς
1214 3541 1311 3589 Servius
1321 3538 1351 3588 sd

855 3616 912 3664 AEn.
923 3615 939 3662 i.
951 3616 991 3663 28.
1025 3614 1053 3662 Iu
1064 3613 1092 3661 iis
1105 3621 1156 3661 eret
1166 3615 1240 3663 etism
1251 3611 1350 3677 Amphi-

854 3703 923 3736 srsus
933 3698 1003 3742 oute,
1012 3687 1053 3751 qui
1060 3703 1134 3751 quum
1145 3686 1257 3742 sciret,se
1264 3685 1351 3752 peritu-

854 3777 906 3810 rum
925 3760 955 3809 ad
971 3761 1075 3816 Thebes,
1093 3769 1165 3823 etque
1185 3762 1280 3808 sedsets
1300 3757 1351 3807 scil.

308 3843 396 3894 ponere
417 3843 464 3876 nou
482 3828 652 3878 dubitaremus.
686 3830 758 3880 Nune
774 3833 806 3882 ad
854 3837 966 3882 subducte
980 3833 1047 3898 (vide
1058 3833 1133 3881 varies
1150 3833 1273 3889 lectiones.
1284 3830 1350 3880 initio

308 3899 496 3965 disquisitionem
509 3917 557 3965 que
569 3902 651 3966 Gierig
663 3902 724 3950 hene
738 3905 805 3955 sabu-
855 3908 930 3970 uotm)
942 3910 1025 3956 tellure
1036 3923 1085 3954 suos
1095 3922 1170 3954 manes
1180 3908 1244 3954 viosss
1256 3908 1350 3959 vidisset,

309 3975 585 4038 lapsrtemillustravit.
855 3979 1186 4030 noluitinteressebelloisti.
1223 3979 1351 4027 Persuesm

342 4047 490 4096 vaticinium
498 4048 628 4105 Themidis,
636 4049 687 4106 sed,
695 4059 722 4099 ut
729 4052 806 4102 solent
854 4054 952 4102 laudern
963 4054 993 4102 ab
1003 4052 1117 4117 Eriphyla
1128 4066 1209 4108 uxore,
1222 4065 1295 4115 quem
1307 4051 1351 4099 Po·

309 4121 422 4171 vaticinia
437 4137 497 4179 esse,
507 4122 686 4180 subobscurum,
697 4124 727 4174 de
740 4125 804 4175 bello
854 4127 946 4192 lynices
962 4125 1043 4177 monili
1056 4141 1128 4176 nureo
1144 4133 1350 4191 eormperstpro·
