2774 5004
139 344 206 411 466
425 336 465 404 P.
489 336 652 405 ovum
675 332 891 402 NASONIS

143 517 218 603 Qui
236 516 382 590 soleant
398 512 544 587 levibus
560 510 675 586 velari
693 530 853 607 corpora
868 507 1022 606 plumis,

143 631 270 718 Quum
288 628 540 703 Tritoniacam
558 625 686 700 novies
705 625 854 698 subiere
872 623 1066 722 paludem.
1084 624 1191 718 [neno

144 746 259 822 Haud
274 745 452 845 equidem
469 743 606 818 credo:
627 764 768 841 sparsae
782 762 936 839 quoque
954 741 1128 815 membra
1138 764 1192 814 re·

145 862 334 937 Exeruere
348 871 447 934 artes
460 857 664 957 Scythides
677 867 932 931 memorantur
941 856 1114 931 easdem.
1128 858 1194 929 360

196 977 237 1051 Si
251 1000 328 1077 qua
341 976 435 1049 fides
451 977 563 1049 rebus
578 985 705 1049 tamen
719 986 778 1049 est
793 973 968 1048 addenda
977 970 1160 1071 probatis,

146 1094 283 1169 Nonne
301 1093 419 1180 vides,
438 1115 676 1190 quaecunque
695 1112 799 1164 mora
814 1090 976 1163 fluidovc
995 1089 1123 1162 calore

148 1210 317 1309 Corpora
333 1207 535 1294 tabuerint,
556 1209 595 1281 in
612 1231 727 1306 parra
743 1207 919 1281 animalia
937 1205 1059 1279 verti?

148 1325 166 1400 1
186 1349 353 1424 quoque,
372 1324 541 1398 delectos
559 1332 743 1397 mactatos
760 1324 878 1396 obrue
894 1332 1046 1410 tauros3

150 1441 395 1538 Cogniturus
413 1462 496 1525 usu,
516 1438 565 1513 de
582 1438 684 1538 putri
701 1439 845 1513 viscere
862 1437 1006 1536 passim
1128 1439 1195 1509 365

150 1556 346 1654 Florilegae
364 1566 570 1630 nascuntur
586 1579 690 1655 apes,
709 1578 795 1652 quae
813 1577 916 1628 more
933 1563 1136 1652 parentum

150 1672 257 1746 Rura
269 1674 412 1758 colunt,
424 1671 606 1769 operique
616 1670 754 1758 lavent,
766 1670 804 1743 in
815 1692 1002 1769 spemque
1013 1670 1195 1742 laborant.

148 1787 311 1863 Pressus
329 1789 444 1861 humo
462 1785 623 1859 bellator
640 1808 762 1884 equus
780 1785 970 1858 crabronis
988 1784 1097 1881 origo
1111 1792 1181 1856 est.

151 1903 329 1978 Concava
345 1904 477 1976 litoreo
496 1903 527 1974 si
546 1902 677 1976 demas
695 1902 848 1977 brachia
864 1922 1014 1986 cancro,

152 2017 303 2092 Caetera
320 2040 511 2115 supponas
529 2028 650 2104 terrae,
670 2018 719 2091 de
736 2026 844 2116 parte
860 2016 1011 2116 sepulta
1129 2016 1199 2085 370

153 2132 335 2232 Scorpius
352 2132 485 2218 exibit,
503 2132 702 2230 caudaque
718 2132 921 2208 minabitur
936 2153 1060 2204 unca:

151 2247 324 2347 Quoeque
342 2248 465 2321 solent
482 2248 585 2322 cauis
603 2248 753 2324 frondes
771 2250 941 2322 intexere
958 2246 1046 2334 filis,

152 2364 334 2460 Agrestes
352 2364 476 2452 tiueae,
496 2388 555 2438 res
572 2364 769 2439 observata
784 2363 940 2466 colonis,

153 2480 276 2556 Ferali
294 2489 441 2556 mutant
458 2503 546 2554 curn
563 2481 752 2581 papilione
768 2481 939 2578 liguram.

151 2697 263 2747 ludibun:
291 2697 401 2746 “Triton
421 2697 539 2754 Thracia,
560 2699 585 2748 iu
606 2715 653 2764 qno
703 2708 815 2767 pravatus
824 2697 922 2757 asueni
933 2696 997 2746 enim
1005 2694 1103 2761 placeat
1111 2694 1202 2742 dolorm

153 2771 195 2838 qui
216 2787 242 2820 se
269 2771 349 2820 novies
370 2770 517 2828 immerserit,
539 2771 564 2820 in
585 2787 653 2821 arem
703 2784 812 2823 mestos
831 2773 917 2822 obusti
941 2769 1044 2819 Lenzins
1066 2768 1159 2822 manet
1181 2767 1201 2821 Ι,

154 2843 322 2894 convertitur.”
355 2842 471 2909 Micyllus
484 2842 654 2894 fabulaminde
704 2865 758 2912 eope
773 2849 876 2904 daueros,
893 2856 1053 2908 mansurasque,
1068 2851 1116 2892 ete.
1148 2841 1202 2889 Non

154 2927 230 2965 ortum
249 2925 326 2983 putat,
343 2916 408 2982 quod
424 2917 489 2981 regio
508 2916 655 2982 hyperborea
704 2922 774 2972 malc.
793 2923 1067 2975 Parentumteurorum.
1082 2915 1203 2966 Sedsliter

153 2986 214 3058 ipsu,
223 2992 253 3039 ob
264 2991 385 3041 assiduum
397 2991 457 3040 nivis
468 3007 560 3048 cuum,
568 2991 653 3058 pinna·
705 2994 765 3045 tauri
773 3013 831 3043 rurs
838 2997 925 3051 colant,
932 2992 1001 3042 aliter
1010 3005 1070 3056 apes
1078 2988 1127 3039 ruri
1135 2988 1202 3038 unm

155 3074 207 3114 rum
219 3063 373 3114 similitudine
384 3066 449 3114 dicta
457 3066 488 3114 sit
497 3066 655 3132 πτεροφόρος.
704 3069 796 3135 legunt.

156 3140 297 3189 Conlerstur
312 3139 413 3196 Plinius,
424 3140 456 3189 iv.
469 3142 508 3189 lu.
540 3143 608 3190 Arsa
618 3158 654 3190 es·
738 3144 795 3193 ³68.
819 3144 912 3191 Prssnu
931 3141 998 3187 hunno
1018 3139 1123 3195 bellntor,
1141 3134 1200 3197 etc]

155 3230 230 3264 ercsrs
241 3218 335 3271 randena,
345 3224 373 3264 ut
385 3231 410 3264 se
420 3214 501 3264 velent
510 3216 601 3280 pennis.
704 3217 827 3267 Nicander
836 3217 861 3265 in
870 3214 978 3265 Thuriae.
988 3229 1039 3262 ver.
1052 3214 1099 3262 1³8
1109 3231 1116 3259 ε
1127 3210 1203 3260 ἵησι

188 3289 244 3336 361.
256 3289 324 3337 Fides
334 3289 465 3352 addenda]
479 3287 592 3338 Heinsius
601 3306 654 3356 pro-
705 3289 736 3352 δὴ
751 3296 851 3358 σφηκῶν
864 3289 967 3356 γίνεσις,
979 3291 1067 3354 ταῦροι
1080 3286 1106 3336 δὲ
1120 3287 1201 3352 μελισ·

154 3362 221 3411 bavit
236 3380 265 3412 ex
283 3363 394 3430 Neapoli,
404 3381 452 3413 uno
470 3365 556 3415 Moreti
570 3376 594 3415 at
609 3383 655 3415 uno
704 3370 775 3415 oua·
796 3365 874 3414 Etiam
891 3364 991 3420 Plinius,
1002 3361 1035 3411 xi.
1046 3363 1089 3411 20,
1099 3360 1202 3416 indiae

156 3434 235 3500 Regio
245 3437 386 3495 autunum
398 3439 609 3501 sedfidernodders
620 3451 655 3490 cst
701 3440 856 3506 juvencorum
875 3453 971 3505 corpore
989 3437 1128 3487 exanimato
1148 3449 1203 3500 epea

156 3522 206 3572 pro,
219 3507 288 3556 tidem
300 3509 397 3567 babere,
408 3511 514 3560 credere.
548 3513 654 3571 Fluidns,
705 3514 780 3570 nasci,
803 3514 864 3564 sicut
885 3528 999 3580 equorum
1019 3526 1107 3577 vespas
1131 3517 1203 3575 atque

156 3579 198 3644 qui
220 3578 277 3629 lacit
297 3580 404 3631 fluidum.
446 3584 501 3632 Fuit
525 3589 656 3637 communis
704 3587 992 3646 crabrones,etasinomm
1000 3588 1204 3637 scanbonsAEel·

156 3662 262 3702 veterum
279 3669 349 3709 error,
364 3670 393 3704 ex
410 3656 516 3722 putribus
533 3659 654 3709 cadaveri·
704 3665 764 3712 lotor
773 3679 865 3727 aqum
876 3661 984 3726 Virgilio,
996 3663 1086 3728 Georg.
1096 3662 1123 3711 ii.
1135 3665 1188 3713 145.

154 3727 201 3778 bus
213 3745 285 3790 paron
301 3730 419 3786 animalia,
431 3730 529 3787 insecta,
540 3735 654 3797 generari.
737 3739 793 3787 ³69.
821 3737 925 3785 Litorrus
943 3753 1035 3792 conen,
1056 3747 1084 3785 ut
1105 3753 1129 3787 x.
1152 3735 1206 3786 lar.

156 3800 221 3851 istnc
237 3800 308 3850 etiam
323 3801 391 3850 fluxit
405 3802 446 3852 illa
459 3803 547 3871 opinio,
560 3822 627 3871 posse
640 3826 653 3857 c
704 3813 778 3861 crudo
789 3828 850 3859 unca
861 3814 978 3866 minutam·
990 3808 1045 3858 vide
1057 3809 1089 3858 ad
1100 3810 1128 3859 ii.
1140 3812 1194 3860 199.

155 3879 261 3927 maculis
277 3885 302 3925 et
318 3879 403 3926 ounuts
421 3882 493 3928 tauris
508 3896 569 3930 nova
582 3897 653 3948 apum
737 3885 793 3933 att.
811 3883 897 3940 Foruli,
908 3882 969 3947 etc]
992 3882 1060 3933 Male
1072 3894 1156 3934 auctor
1166 3901 1202 3933 ar·

155 3951 266 4001 examina
283 3951 389 4009 excludi,
401 3951 431 4001 de
448 3970 496 4019 qua
513 3954 566 4004 vide
585 3955 653 4021 Virg.
703 3967 867 4023 gumentorum
878 3956 917 4005 bic
928 3955 958 4005 de
970 3957 1130 4022 bombycibus
1142 3958 1205 4025 cogi

156 4025 244 4092 Georg.
265 4025 297 4075 iv.
318 4028 456 4077 tal-³14.
480 4028 520 4078 ubi
548 4028 653 4088 docetur,
703 4032 774 4082 tavit.
814 4032 890 4080 Immo
910 4029 1077 4096 intelliguntur
1097 4032 1205 4091 incestu

157 4100 275 4165 quomodo
295 4117 331 4151 res
350 4101 495 4152 instituenda
519 4104 563 4163 sit,
591 4106 654 4155 conl.
703 4124 757 4174 quar
775 4107 865 4156 Linneo
880 4106 997 4173 pbalana
1013 4105 1155 4156 lucernaris
1170 4106 1205 4156 di·

156 4172 228 4223 etiam
239 4174 397 4226 Partim
424 4178 471 4227 Sed
484 4193 532 4228 ver.
542 4178 601 4227 364.
611 4178 651 4229 dc·
703 4191 795 4231 cuntun
829 4180 892 4230 Plin.
909 4180 993 4229 xxviii.
1011 4182 1057 4230 10:
1083 4183 1206 4250 “Papilio
