2774 5004
359 346 827 414 METAMORPHOSEON
852 346 944 412 LIB.
970 346 1019 412 X.
1152 345 1217 410 133

159 522 226 595 Ad
248 521 373 619 Styga
388 520 560 594 Taenaria
576 530 635 594 est
652 544 767 594 ausus
784 520 1015 595 descendere
1033 532 1143 620 porta
1152 549 1163 612 ;

163 637 321 735 Perque
339 638 442 711 leves
460 637 635 735 populos,
650 636 926 733 simulacraque
943 634 1075 710 funeta
1090 638 1216 736 sepul·

317 752 415 838 cris,
1171 757 1215 826 14

162 868 438 966 Persephonen
456 867 560 954 adiit,
580 866 844 963 inamoenaque
861 889 977 962 regna
991 877 1183 944 tenentem

165 984 398 1058 Umbrarum
409 984 623 1073 dominum;
645 984 842 1082 pulsisque
856 984 903 1056 ad
918 984 1086 1058 carmina
1095 986 1217 1060 nervis

165 1098 234 1172 Sic
253 1099 325 1173 ait:
356 1107 381 1138 ‘⁶
394 1100 429 1172 0
448 1099 562 1198 positi
581 1100 651 1172 sub
669 1109 769 1172 terra
786 1099 940 1172 numina
956 1100 1100 1186 mundi,

164 1214 213 1288 ln
233 1239 348 1313 quem
366 1214 567 1289 recidimus
585 1213 772 1311 quidquid
790 1215 947 1288 mortale
965 1237 1147 1302 creamur,

166 1330 211 1403 Si
229 1330 332 1415 licet,
351 1341 390 1403 et
406 1329 490 1404 salsi
508 1329 642 1428 positis
660 1330 882 1425 amhagibus
897 1330 985 1417 oris,

164 1446 269 1521 Vera
286 1447 550 1544 loquisinitis3
579 1470 654 1519 non
672 1447 759 1532 huc,
778 1457 821 1519 ut
837 1470 957 1544 opaca
972 1446 1139 1520 viderem
1167 1451 1218 1519 20
1234 1444 1238 1455 ’

166 1562 337 1648 Tartara,
356 1562 561 1648 descendi:
592 1585 661 1635 nec
679 1562 734 1635 uti
751 1561 882 1634 villosa
900 1561 1063 1635 colubris

167 1678 294 1752 Terna
312 1677 499 1752 Medusaei
515 1677 695 1751 vincirem
713 1687 868 1773 guttura
884 1677 1053 1750 monstri.

202 1895 243 1943 14.
260 1894 441 1956 laensspcpuios,
453 1893 507 1944 scil.
524 1894 669 1951 umbrarum,
720 1908 762 1958 pro
770 1897 1085 1942 detnuumunuaremsrsm.
1103 1893 1222 1959 Quidquid

167 1968 286 2032 quiesi,
292 1966 318 2015 id
324 1976 369 2023 ast,
375 1966 441 2015 terrrn
447 1976 472 2015 et
478 1966 611 2015 umbratico
618 1981 670 2015 cor·
719 1969 815 2015 ramale
825 1984 948 2024 orsesium
964 1967 1101 2032 quicunque
1107 1968 1220 2018 mortales

165 2056 225 2106 pore
232 2040 323 2089 induta
331 2039 461 2098 incedunt3
472 2040 555 2088 Horat.
563 2041 584 2087 1.
590 2038 669 2087 0d.x.
720 2055 837 2089 mearum.
859 2041 980 2097 Munna,
991 2039 1031 2088 vii.
1042 2042 1098 2089 363.
1108 2044 1220 2106 quidquid

170 2115 362 2164 tuteaururte.
382 2114 547 2176 Persephonen.
576 2113 670 2161 Proser·
720 2113 834 2160 bominum
844 2128 928 2161 summ.
950 2113 1014 2161 Huic
1024 2122 1103 2164 autern
1112 2114 1160 2178 legi
1171 2130 1219 2164 ιιοιι

166 2189 260 2254 pinam.
277 2189 442 2237 Dainmoerris
451 2185 671 2252 regaisrediadir.
720 2186 820 2251 subjecti
841 2196 909 2236 erant
925 2187 1033 2252 preclari
1051 2188 1163 2238 homines.
1196 2188 1219 2237 1i

170 2261 231 2310 476.
253 2259 393 2308 Umbrorum
401 2263 524 2308 umnam.
538 2259 672 2306 Plutonem.
721 2260 784 2309 enirn
795 2263 850 2311 ceto
860 2264 951 2310 demitti
964 2261 1075 2310 dicuntur
1085 2278 1100 2311 a
1110 2263 1220 2328 Virgilio,

207 2336 247 2384 16.
265 2336 344 2384 Pulsis
353 2352 362 2393 ,-
373 2334 486 2400 pulsatis:
499 2333 608 2383 coniers.
615 2334 672 2382 340.
721 2334 776 2384 ret.
792 2335 825 2384 iv.
842 2338 866 2385 7.
882 2345 908 2384 et
923 2352 996 2401 quum
1013 2338 1150 2394 moriuntur,
1167 2339 1221 2387 ceto

169 2411 236 2475 Ergo
247 2409 348 2458 formula
360 2409 399 2458 Sic
414 2411 447 2456 eit
462 2408 534 2457 etiam
548 2407 671 2473 praemitti·
721 2412 861 2468 redduntur.
871 2413 978 2460 celestem
992 2415 1092 2460 oninium
1104 2415 1158 2462 ereio
1166 2416 1220 2462 rad·

170 2494 211 2534 tur
229 2483 340 2539 undoni,
355 2482 418 2548 quod
437 2484 539 2546 negabat
555 2483 672 2532 Burman·
722 2487 797 2542 durst5
815 2484 903 2533 Vellei.
913 2485 939 2533 ii.
954 2486 1008 2534 123.

170 2557 388 2608 nnsadviii.618.
421 2550 696 2621 Omniaautem,qua'
757 2559 795 2606 19.
810 2559 1130 2608 Jamfidemfacitdicendia
1146 2561 1218 2609 Men·
1256 2571 1260 2577 ·

169 2632 288 2698 seqnitur,
302 2632 378 2681 oratio
393 2640 549 2696 attemperata
564 2631 622 2679 satia
637 2640 673 2679 est
723 2632 822 2680 dacibus
841 2633 950 2681 tribuitur
957 2633 1058 2696 sebum,
1077 2632 1170 2690 fallens,
1189 2650 1220 2689 os,

169 2704 271 2755 oonsilio
281 2704 381 2770 Orphei.
414 2706 472 2752 Mox
486 2703 575 2767 ambigi
586 2713 671 2769 potest,
722 2706 842 2768 iidemque
850 2707 980 2769 ambagibus
989 2703 1115 2753 mendacia
1124 2721 1168 2753 aua
1178 2721 1218 2754 ce·
1272 2728 1275 2732 *

170 2790 251 2828 utrum
268 2778 392 2842 vulgatum
410 2780 534 2826 decidimus
549 2777 671 2834 defendas,
722 2780 783 2827 lant.
818 2778 887 2825 Fatua
897 2777 1065 2825 orusicetiam
1077 2778 1219 2829 Heroidri.

170 2869 204 2901 an
224 2868 280 2901 curn
297 2850 396 2900 Heinsio
415 2853 537 2899 recidimus
554 2849 672 2915 praeferas,
723 2855 755 2900 63
765 2870 772 2909 ;
782 2852 849 2917 saiso
856 2853 938 2916 lingue
945 2850 1003 2898 ibid.
1016 2850 1055 2898 vii.
1063 2851 1103 2901 67.
1113 2861 1138 2900 et
1148 2869 1220 2919 supra

171 2926 238 2991 quod
249 2934 275 2975 et
284 2925 362 2990 ipsum
377 2926 527 2990 antiquorum
543 2926 605 2972 MSS
616 2940 672 2973 auc·
723 2927 817 2975 ii.63l.
835 2925 918 2973 Positis
927 2927 1056 2989 ambagibus
1065 2943 1074 2983 ,·
1086 2926 1162 2976 mirsia
1170 2943 1221 2977 atn-

171 3001 269 3049 toritate
282 3015 308 3048 se
326 3008 412 3047 tuetur.
445 3000 477 3047 Et
490 2997 585 3063 placitis
599 2999 673 3047 Hera·
723 3001 831 3065 bagibus‚
843 3001 893 3047 sine
904 3000 1052 3062 ambagibus.

172 3073 226 3123 cliti
242 3073 329 3130 omnia,
340 3089 394 3138 qua
409 3072 505 3122 interire
520 3073 558 3121 vel
569 3072 628 3121 mori
640 3074 673 3121 vi·
756 3076 798 3123 20.
817 3074 870 3122 Non
883 3075 935 3130 hue,
948 3083 976 3121 ut
988 3090 1067 3135 mnes,
1084 3074 1143 3137 etc]
1165 3077 1221 3127 Non

172 3146 305 3203 dantur,in
318 3145 385 3213 ᾅδην
400 3150 515 3196 recidunt.
547 3145 601 3196 Cic.
617 3147 675 3196 Nat.
724 3147 1092 3208 vanoconailiohucdescendi5
1112 3149 1221 3200 sedeon-

173 3223 209 3271 D.
221 3223 247 3271 ii.
257 3222 299 3271 26.
332 3221 458 3271 “Terrena
468 3221 504 3269 ris
514 3221 590 3269 omnia
601 3229 673 3286 atque
721 3225 774 3289 jux,
784 3238 832 3288 qua
840 3222 924 3271 marito
932 3221 991 3270 nihil
999 3221 1075 3271 carius
1083 3239 1133 3273 ease
1141 3223 1221 3283 debet,

173 3306 261 3345 natura
281 3295 333 3343 Diti
350 3295 413 3360 patri
430 3294 543 3343 dedicata
560 3303 612 3343 est:
632 3294 674 3358 qui
724 3298 851 3346 causariae
863 3300 928 3362 justa
941 3305 984 3345 est.
1019 3296 1068 3345 Nec
1081 3300 1118 3345 uti
1131 3301 1220 3358 villose,

173 3369 260 3425 Dives,
285 3377 312 3417 ut
333 3369 398 3434 apud
423 3370 521 3419 Grecos
541 3367 672 3425 Πλούτων,
724 3380 772 3421 etc.
795 3386 839 3420 nec
857 3381 884 3420 ut
911 3371 1039 3420 Cerberum
1064 3372 1221 3431 extraherem,

174 3443 234 3508 quia
249 3453 275 3492 et
290 3443 398 3493 recidant
413 3443 494 3492 omnia
510 3442 535 3492 in
552 3451 634 3499 terras,
651 3452 676 3492 et
724 3444 788 3509 quod
813 3443 870 3493 iecit
891 3444 1016 3501 Hercules,
1033 3444 1075 3492 vii.
1100 3447 1148 3494 410
1165 3463 1220 3514 sqq.

173 3516 408 3566 oriantnreterris.”
426 3516 674 3565 Glandimirum.
725 3517 876 3567 Antecedena
894 3520 1002 3566 vincirem
1023 3529 1132 3583 guernere,
1158 3523 1222 3573 colla

174 3591 196 3639 i.
205 3592 248 3641 57.
259 3591 291 3640 de
301 3591 413 3648 Plutone,
424 3590 490 3655 “qui
501 3590 571 3640 tinern
582 3589 675 3640 cunctis
724 3609 767 3656 pro
781 3600 950 3656 consequente,
963 3593 1108 3642 extraherem
1118 3612 1126 3655 3
1143 3597 1223 3647 vincto

175 3676 200 3713 et
210 3664 303 3713 semina
313 3665 413 3730 prebes,
428 3664 599 3728 Nascendique
611 3664 676 3712 vices
724 3665 787 3714 enirn
802 3665 864 3714 collo
882 3665 1006 3713 trahuntur
1023 3681 1102 3716 canes.
1139 3669 1223 3720 Vittm

176 3738 269 3787 alterna
285 3747 360 3786 morte
381 3737 504 3803 rependis:
532 3737 675 3795 Quiritem
724 3743 830 3794 colubris,
848 3756 901 3803 qua
918 3738 1028 3788 villorum
1045 3740 1098 3789 loco
1115 3743 1223 3794 colubros

176 3812 383 3877 letumqueregis5
400 3817 454 3861 nam
462 3811 578 3876 quidquid
586 3812 675 3875 ubique
725 3813 822 3862 habent.
855 3813 894 3861 Sic
906 3828 954 3861 rer.
965 3814 1021 3862 ³49.
1032 3818 1128 3865 crinitur
1139 3835 1223 3883 angus.

177 3886 262 3951 Gignit
272 3887 393 3944 materies,
403 3887 448 3935 hoc
459 3896 483 3935 te
497 3887 599 3935 donante
610 3901 675 3935 crea-
726 3887 853 3935 Claudian.
875 3887 951 3952 Nupt.
972 3887 1037 3936 Hon.
1060 3890 1116 3938 223.
1137 3895 1224 3941 crinitis

178 3970 223 4017 tur,
239 3960 398 4025 Debeturque
419 3960 473 4017 tibi,
491 3961 609 4024 certisque
626 3975 677 4008 am·
725 3964 823 4025 sagittis.
857 3961 996 4008 Meduseum
1016 3973 1148 4020 murtrum,
1166 3964 1223 4028 quia

178 4033 280 4099 bagibus
288 4034 334 4083 sevi
348 4035 441 4083 Rursus
455 4051 577 4100 corporeos
592 4035 676 4084 anima
725 4035 843 4090 Echidna,
858 4050 912 4098 quae
929 4034 1057 4082 Cerberum
1074 4036 1174 4101 peperit,
1191 4053 1220 4086 err

180 4108 304 4157 mittuntur
321 4106 346 4157 in
363 4109 452 4158 ortus.'’
484 4111 545 4168 Qua
564 4109 618 4158 loca
635 4110 677 4158 de·
725 4109 853 4175 Typhaone
869 4119 894 4156 et
911 4107 1014 4157 Medusa
1027 4118 1156 4173 prognata3
1172 4111 1220 4159 iia·

181 4181 279 4231 tentum
289 4183 319 4233 rb
329 4185 460 4232 recidimus
478 4182 554 4233 Etiam
567 4182 610 4233 aii.
621 4185 678 4232 623.
727 4181 814 4240 dedus,
824 4181 944 4245 Theognis.
955 4183 1003 4232 295
1015 4196 1070 4246 sqq.
1081 4191 1106 4230 et
1114 4182 1170 4233 300.
1211 4230 1214 4235 .
