2774 5004
167 312 232 382 ΗΒ
448 308 488 374 P.
511 303 672 373 ovlnll
696 304 909 371 NASONIS

163 487 218 561 At
233 484 335 570 mihi,
352 506 438 580 quae
457 481 668 565 maletum,
687 501 785 577 quos
802 487 856 564 tu,
871 476 1008 551 sortita
1023 487 1207 576 parentes,
1249 468 1252 547 i

165 601 231 676 Nil
242 599 314 672 nisi
323 596 437 671 irater
447 596 536 670 eris:
551 595 653 692 quod
664 595 785 682 obest,
797 594 836 667 id
845 593 1074 667 habebimus
1085 584 1223 667 unum'

165 714 266 800 Quid
285 712 376 785 mihi
393 710 607 807 significant
625 733 713 805 ergo
732 731 816 782 mea
830 708 937 781 visai
964 707 1072 804 quod
1090 718 1209 780 autem

167 828 324 903 Somnia
336 827 484 925 pondus
499 825 666 898 habenti
693 847 741 898 an
753 824 895 898 habent
909 833 949 897 et
961 822 1114 896 somnia
1125 845 1209 920 pon·

317 941 415 1015 dusl
1145 939 1211 1010 495

167 1055 218 1131 Di
234 1055 389 1131 melius!
420 1054 469 1128 Di
487 1064 627 1152 nempe
640 1077 727 1128 ruas
745 1054 911 1127 habuere
928 1076 1091 1127 sorores.

169 1171 233 1246 Sic
253 1171 437 1246 Saturnus
457 1168 585 1268 Opim,
600 1171 773 1265 junctam
791 1170 863 1243 sibi
878 1169 1076 1264 sanguine,
1095 1167 1210 1254 duxit,

167 1285 344 1361 Oceanus
359 1283 523 1381 Tethyn,
542 1282 566 1356 J
571 1307 733 1357 unonem
750 1294 873 1358 rector
890 1283 1064 1381 Olympi.

168 1401 266 1476 Sunt
284 1399 439 1497 Superis
458 1422 527 1472 sua
538 1400 646 1496 jura:
676 1399 769 1495 quid
785 1399 834 1472 ad
851 1397 1023 1472 coelestia
1039 1395 1137 1470 ritus

167 1515 331 1614 Exigere
350 1515 546 1600 humanos,
565 1513 790 1610 diversaque
807 1512 949 1586 soedera
965 1511 1104 1585 tento?
1143 1516 1212 1584 500

165 1630 245 1704 Aut
263 1638 389 1704 nostro
407 1628 545 1702 vetitus
563 1627 612 1702 de
630 1630 742 1702 corde
759 1626 950 1725 fugabitur
967 1626 1100 1700 ardor:

165 1745 256 1831 Aut,
273 1746 343 1818 hoe
362 1744 393 1815 si
408 1768 569 1840 nequeo,
584 1767 749 1842 peream,
767 1766 911 1842 precor,
926 1751 1036 1829 ante;
1056 1752 1211 1836 toroque

168 1857 322 1932 Mortua
339 1882 553 1956 componor,
573 1861 783 1958 positaeque
800 1859 866 1932 det
883 1857 1015 1931 oscula
1029 1855 1159 1929 frater.

170 1971 222 2047 Et
239 1984 365 2048 tamen
384 1975 578 2048 arbitrium
597 1975 732 2072 quaerit
748 1998 807 2048 res
825 1974 899 2047 ista
914 1971 1089 2045 duorum.
1113 1994 1117 1999 ·

168 2086 287 2185 Finge
305 2089 454 2187 placere
472 2091 582 2164 mibi:
604 2092 728 2164 scelus
742 2113 827 2164 esse
841 2087 1030 2161 videbitur
1046 2084 1115 2158 illi.
1141 2086 1212 2158 505

169 2201 221 2275 At
238 2227 313 2276 non
331 2202 487 2276 AEolidae
502 2203 687 2277 thalamos
705 2204 863 2277 timuere
881 2223 1061 2277 sororum.

199 2425 256 2475 494.
277 2425 423 2491 Significant,
441 2425 596 2489 σημαίνουσι,
613 2442 665 2490 por·
715 2436 741 2476 ut
752 2425 801 2495 viii.
811 2426 868 2474 653.
881 2433 966 2472 ruerat
979 2432 1116 2484 aarum
1149 2419 1213 2468 Cen·

166 2496 277 2555 tondunt,
289 2500 353 2548 verb.
367 2516 403 2565 pr.
416 2497 446 2548 de
462 2498 567 2554 romniir,
581 2498 665 2546 omini·
713 2494 875 2565 pomaquum
884 2496 1130 2552 omuinoritmrnm:
1141 2493 1212 2542 &aa

167 2572 220 2630 bur,
228 2572 349 2638 prodigiis,
360 2590 413 2639 quie
425 2573 481 2622 inde
491 2574 667 2638 signficationer
715 2573 809 2629 mortui,
822 2587 877 2621 cum
890 2580 974 2619 ornatu
989 2568 1084 2618 funebri
1103 2568 1212 2617 omu-

170 2645 271 2694 Doorum
291 2645 416 2708 dicuntur;
439 2645 491 2695 Cio.
508 2645 563 2695 Cat.
581 2646 608 2695 ii.
628 2648 666 2697 1³.
715 2655 753 2694 tur
774 2645 804 2693 ad
825 2644 947 2709 exequias,
971 2642 1084 2692 dicuntur
1107 2643 1215 2704 eonpni·

168 2716 215 2767 Pro
235 2735 288 2785 ergo
307 2719 419 2770 Halmius
439 2718 535 2785 conjicit
550 2736 624 2784 egra,
641 2719 666 2769 id
715 2717 793 2767 Ardor
808 2718 923 2783 Byblidos
939 2726 1020 2765 tantus
1037 2726 1083 2772 ert,
1100 2725 1127 2764 ut
1140 2714 1215 2782 porih

167 2799 212 2848 ort,
231 2792 330 2849 amanti,
350 2802 463 2842 aureum
480 2792 555 2858 primo
574 2794 667 2842 Grouo·
718 2790 790 2841 etiam
801 2793 877 2839 orcula
887 2798 953 2855 optet
964 2804 979 2837 a
989 2789 1071 2837 fratre.

169 2863 238 2912 viano
255 2868 348 2914 misere.
373 2866 474 2922 Pondus,
487 2865 546 2925 vim;
570 2866 668 2915 Heroid.
751 2867 808 2914 504.
824 2866 962 2919 Arbitrium,
981 2863 1093 2920 lubitum,
1108 2861 1216 2911 volunta·

170 2935 210 2984 rii.
230 2938 269 2985 65.
291 2941 382 2986 nullum
399 2943 427 2986 rit
447 2944 473 2987 iu
487 2942 559 2986 omine
572 2943 667 3001 pondus.
718 2947 776 2987 tem.
800 2938 897 2993 Quaerit,
908 2936 1014 3000 requirit,
1025 2951 1085 3001 opus
1094 2937 1176 2985 babet.

171 3009 204 3057 Di
219 3012 307 3065 melior,
321 3011 375 3058 roll.
390 3011 455 3065 dent,
468 3012 559 3059 ierant:
577 3012 667 3061 abomi-
750 3012 808 3060 506.
826 3013 857 3058 Ar
868 3028 913 3058 nou
925 3011 1029 3058 AEolidae.
1053 3011 1112 3058 Non
1121 3008 1216 3073 irfingi·

169 3079 242 3128 orodi
259 3079 373 3140 iormula;
393 3082 446 3129 vide
460 3082 501 3129 vii.
517 3084 566 3141 or;
587 3084 667 3132 Tibul.
718 3095 756 3132 tur
771 3083 818 3140 bie,
831 3093 859 3131 ut
871 3083 968 3131 Suillius
984 3083 1095 3147 putabat,
1110 3080 1217 3132 mmai

168 3152 260 3201 lll.iv.
275 3152 296 3200 l.
310 3153 344 3200 Di
360 3155 452 3200 melium
462 3154 667 3217 serunt,necrint
718 3165 743 3205 et
760 3156 870 3205 Canaces
889 3155 985 3215 fairnin
1012 3169 1069 3202 nam
1088 3168 1120 3202 et
1140 3154 1218 3220 potio!

169 3229 280 3274 insomnia
308 3242 371 3274 vera.
428 3227 514 3288 Nempe
540 3227 669 3293 objectioni
719 3229 830 3278 valuisset
848 3229 879 3277 ad
898 3227 1072 3292 extinguendas
1091 3228 1217 3277 oberrem

170 3313 234 3347 nuno
259 3298 363 3347 inservit.
408 3299 515 3348 Hubom
541 3299 565 3348 in
589 3300 669 3350 mutri-
718 3300 1149 3367 Byblidirflrmmar3redAEolurrex
1159 3300 1216 3349 filiu

170 3371 259 3420 monio.
718 3374 828 3423 babuisse
848 3374 944 3438 legitur,
968 3374 1055 3439 quibua
1078 3389 1170 3423 norom
1192 3371 1217 3422 in

201 3446 257 3494 499.
268 3445 329 3494 Sunt
339 3445 432 3508 Superis
442 3463 493 3504 rua,
505 3447 563 3510 eto]
575 3447 631 3496 Jam
643 3463 668 3497 re
718 3448 893 3495 matrimonium
904 3446 1013 3506 dederit3
1029 3445 1160 3503 Homerus,
1170 3444 1217 3494 00.

169 3517 274 3583 corrigit.
316 3519 373 3576 Sua,
394 3519 452 3586 ipris
473 3521 567 3586 propria
594 3528 618 3569 et
639 3521 668 3569 ab
718 3527 751 3578 K,
765 3523 789 3569 6.
823 3522 935 3578 Timum,
951 3519 1051 3569 aversati
1068 3529 1133 3570 runt.
1160 3519 1216 3576 Hor,

169 3590 280 3639 humanis
295 3592 397 3650 diversa,
412 3596 442 3641 ad
457 3595 555 3643 calestia
567 3597 665 3658 exigere,
718 3605 767 3643 tam
785 3594 895 3660 antiquos
911 3605 935 3645 et
952 3595 1024 3659 vulgo
1039 3609 1126 3659 purum
1144 3601 1218 3643 umor.

168 3678 224 3713 oum
240 3666 377 3715 coelertibuo
391 3682 536 3732 comparare,
549 3669 667 3716 etrieeo·
717 3667 828 3716 Affectus
850 3683 880 3717 ea
906 3667 974 3717 nobis
994 3666 1142 3732 suppeditat,
1164 3680 1216 3731 qun

167 3753 219 3788 rum
231 3738 332 3803 pretium
344 3741 468 3789 estimare.
502 3742 605 3796 Fudero,
617 3756 667 3789 ma·
717 3757 759 3789 nos
770 3740 829 3789 scire
841 3739 886 3806 ipsi
897 3740 1063 3803 ignorabamus
1074 3749 1140 3789 ante.
1169 3739 1215 3787 Pa·

168 3810 286 3867 trimonia‚
310 3820 351 3859 out
373 3813 468 3860 omnino
484 3814 546 3877 jura.
585 3813 668 3862 Foedur
717 3817 777 3869 rori,
794 3822 850 3861 nota
866 3813 923 3861 mibi
938 3814 990 3862 teci.
1026 3813 1077 3865 Quo
1078 3813 1169 3877 feror?
1184 3810 1215 3860 td

166 3898 236 3932 omne
255 3883 289 3940 id,
310 3883 340 3933 do
359 3901 408 3949 quo
428 3885 489 3933 iuter
512 3887 591 3950 pluras
610 3901 667 3936 con·
718 3902 817 3951 quorum
831 3886 992 3952 exemplorum
1006 3884 1166 3934 imitationem
1179 3899 1217 3934 rt·

170 3956 244 4006 venit.
718 3960 754 4024 pit
770 3975 808 4007 me
829 3960 908 4008 furori
937 3959 1004 4018 Nm
1022 3957 1121 4008 Heinsio
1137 3958 1217 4023 placet

209 4031 266 4081 503.
288 4030 422 4094 componor,
441 4031 578 4095 positaque]
613 4031 669 4080 Post
718 4049 755 4080 aa.
786 4032 846 4088 Quo,
857 4042 981 4096 quantum,
992 4038 1019 4080 ut
1030 4046 1078 4080 rer.
1088 4031 1146 4081 455.
1177 4031 1216 4080 Sic

170 4119 298 4166 componor,
318 4105 403 4170 repetit
417 4103 517 4170 simplex
542 4108 668 4168 poritaepru,
719 4106 778 4154 ratio
789 4105 873 4154 viciose
888 4105 1020 4161 videbatur,
1032 4112 1059 4154 ut
1069 4103 1111 4154 vii.
1121 4105 1154 4154 ta
1167 4118 1216 4167 ιη.
