2774 5004
202 331 670 401 METAHORPHOSEON
694 335 786 402 LIB.
809 335 914 402 Xlll.
1014 339 1081 405 ³0⁷

133 530 141 576 ι
157 505 332 601 neganda
348 506 465 583 mibi?
492 508 688 606 potiorque
705 509 893 583 videbitur
910 510 985 597 ille,
1026 517 1075 586 35

133 644 173 695 ra
188 621 253 718 qui
271 621 385 719 cepit,
404 621 705 719 detrectavitque
722 623 845 698 lurore
1045 626 1048 630 ’

133 735 204 808 iam
221 737 333 810 ficto:
361 737 482 811 donec
497 738 683 812 sollertior
702 738 787 824 isto,

133 850 193 922 ribi
212 851 387 936 inutilior,
407 853 527 925 timidi
545 865 760 928 commenta
777 854 915 928 retexit

133 964 259 1039 iliades
277 967 402 1054 animi,
422 967 614 1065 vitataque
632 969 748 1042 traxit
765 969 804 1042 in
822 972 951 1043 armai

133 1094 300 1170 nanunc
318 1093 453 1167 sumat,
471 1083 537 1180 qui
555 1107 703 1157 sumere
719 1084 842 1157 uoluit
858 1084 950 1158 ulla:
1021 1091 1072 1159 40

133 1197 347 1285 inhonorati,
368 1209 407 1271 et
422 1199 531 1272 donis
550 1200 783 1297 patruelibus
797 1200 890 1286 orbi,

134 1312 244 1386 limus
263 1314 328 1409 qui
347 1338 415 1386 nos
433 1314 480 1387 ad
498 1314 619 1413 prima
637 1315 815 1412 pericula,
835 1316 964 1390 simus.
1068 1333 1069 1338 ’

133 1428 1068 1522 eutinamautverusfurorille,autcreditusesset;

133 1651 153 1700 le
167 1653 251 1717 Ajaee,
264 1654 293 1710 ὃς
310 1658 407 1715 πρῶτος
426 1652 463 1702 ἀεὶ
480 1658 521 1703 sni
571 1656 708 1713 mulatioue,
727 1659 818 1720 Optimo
839 1674 902 1705 nunc
919 1665 1003 1712 sumnt,
1019 1664 1070 1704 etc.

133 1744 237 1791 ταγμαι.
271 1729 522 1784 Ιιύιιοειιὺίηάια,ιιι
572 1729 658 1794 quibus
680 1731 756 1779 verbis
780 1729 910 1793 indignitas
936 1728 970 1777 rei
990 1745 1070 1778 rursus

133 1800 213 1857 lorum,
233 1802 265 1851 iv.
287 1804 311 1850 8.
329 1804 370 1850 sub
393 1819 522 1863 percussore
571 1803 716 1868 exprimitur.
750 1802 892 1858 inhonorati,
900 1801 965 1850 nullo
973 1801 1070 1867 praemio

133 1875 207 1932 iubis,
217 1879 366 1926 nrbcausam
380 1876 521 1925 efficientem
571 1876 659 1926 affecti.
693 1879 730 1924 Ad
742 1880 816 1938 prima
826 1877 929 1938 pericula
940 1891 990 1940 pro,
1000 1875 1069 1941 primi

134 1948 173 1996 De
190 1948 300 1998 simulata
319 1949 411 2013 Ulyssis
428 1949 520 1998 insania
569 1949 599 1998 ad
621 1948 736 2015 pericula,
756 1958 782 1997 ut
799 1965 847 1998 ver.
866 1949 906 1997 36.
927 1951 1011 2008 ultima
1028 1952 1068 2012 qui

133 2022 187 2085 'giui
205 2023 310 2072 labulam
329 2026 376 2071 95:
395 2031 410 2050 “
423 2023 451 2070 Ei
469 2033 520 2072 erat
569 2026 627 2084 cepit
638 2021 802 2087 pro,ultimus.

133 2111 176 2143 un:
194 2097 213 2143 si
231 2096 262 2144 ad
276 2097 369 2161 Trojarn
387 2096 453 2152 isset,
467 2108 521 2161 post
601 2098 641 2144 43.
659 2095 736 2143 Furor
744 2097 800 2153 itte,-
817 2111 879 2143 unus
890 2094 982 2143 Heinsii
991 2095 1068 2159 saror

133 2185 162 2218 rm
179 2184 275 2226 annum,
286 2170 371 2226 solum,
382 2169 452 2218 sociis
468 2186 519 2234 per·
569 2171 615 2224 illi,
632 2167 696 2233 quod
713 2184 759 2217 non
776 2169 891 2233 improbat
908 2169 1068 2228 Burmannus,

133 2251 225 2304 gentem
256 2243 352 2291 domum
379 2243 519 2291 rediturum.
571 2242 641 2290 modo
651 2240 784 2306 distinguas
793 2249 845 2306 post
854 2241 938 2305 jirror.
972 2241 1068 2291 Necro-

133 2332 190 2365 uum
200 2317 519 2365 sciretadseoratoresven·
571 2333 622 2372 rues,
641 2325 688 2364 etc.
730 2313 816 2373 Quint.
832 2314 943 2370 Calaber,
963 2316 1016 2363 19⁴.
1035 2316 1069 2376 ὡς

133 2389 243 2438 ,maniam
276 2390 400 2446 simulans,
430 2390 520 2453 pileum
568 2387 819 2454 μὴῶφιιλεςιιίσθαι.
842 2387 1068 2453 Turneadem‚quar

145 2472 171 2512 et
188 2479 275 2528 equum
292 2480 346 2512 cum
363 2465 423 2511 bore
440 2463 519 2527 junxit
570 2462 617 2519 hic,
626 2463 737 2527 exempla
746 2469 966 2516 commemorantur,
974 2459 1068 2509 Philoc-

133 2552 177 2586 rm.
197 2540 275 2596 Quem
286 2537 427 2585 Palamedes
438 2538 518 2599 (Nau
570 2546 624 2585 tetre
641 2545 666 2585 et
676 2535 818 2590 Palamedis,
829 2533 871 2582 sed
885 2532 950 2598 justo
963 2533 1069 2588 brevius.

133 2610 160 2673 s)
179 2621 205 2660 ιι
222 2611 290 2667 vidit,
306 2611 379 2659 sensit
396 2613 517 2667 simulare,
568 2621 593 2658 et
606 2610 657 2658 sine
668 2610 796 2660 affectuum
807 2608 971 2657 commotione.
1004 2608 1067 2656 Hor·

133 2684 275 2734 tlemaclrum
290 2685 365 2734 filium
381 2686 440 2749 ejus,
452 2685 519 2734 cunis
569 2694 628 2731 tutor
636 2685 752 2739 melorum,
761 2681 867 2747 Ulyssea,
876 2696 906 2729 ex
914 2679 1001 2744 virgil.
1010 2683 1069 2730 AEn.

133 2775 151 2816 u,
166 2768 243 2807 aratro
261 2760 282 2807 ei
301 2760 411 2825 subjecit,
430 2770 454 2807 et
471 2762 518 2809 ait:
570 2760 600 2805 vi.
615 2759 671 2806 ⁵29.
706 2758 811 2805 Precatio
826 2757 908 2817 proles,
924 2753 1068 2811 Philocteta,

133 2847 171 2880 rue
186 2832 301 2898 deposita,
312 2832 373 2880 inter
387 2833 521 2895 conjuratos
570 2831 677 2881 Poeantis
697 2829 768 2885 filius,
790 2829 889 2893 sagittas
912 2829 943 2876 ab
963 2828 1068 2877 Hercule

138 2908 177 2955 De
186 2905 332 2955 Telemacho
342 2922 379 2954 res
394 2907 465 2969 paulo
476 2906 518 2954 ali·
569 2913 693 2970 acceperat
702 2904 748 2970 (ix.
760 2905 830 2963 232.)
842 2901 929 2966 quibus
939 2901 1068 2950 instructus

133 2981 204 3029 rmine
216 2982 304 3045 Cyprio
316 2989 429 3029 narratur.
446 2983 519 3045 AEgre
569 2977 860 3041 interluitbelloTrojano.
880 2975 927 3022 Sed
936 2975 959 3022 in
969 2974 1068 3023 intinere

133 3053 189 3118 pelli
203 3056 288 3118 potuit,
298 3063 325 3102 ut
341 3054 453 3101 adversus
462 3054 518 3102 l'ro·
569 3069 598 3101 ex
614 3051 704 3101 colubri
722 3068 799 3099 morsu
817 3049 842 3098 iu
856 3049 972 3097 insaniam
986 3062 1066 3095 versus

133 3126 290 3176 olicisceretur
297 3134 307 3187 ;‘
328 3128 453 3182 Homerus,
470 3129 519 3176 Od.
568 3127 592 3174 in
603 3126 680 3174 insula
691 3125 778 3174 burno
789 3139 805 3170 a
814 3121 905 3172 Graecis
914 3129 951 3169 est
962 3120 1070 3167 relictus.

155 3200 230 3257 Idem,
241 3202 283 3249 sed
295 3201 425 3255 obscurius,
438 3202 518 3264 Ulyssi
571 3201 648 3264 liujus
659 3199 692 3248 rei
705 3199 800 3263 culpam
815 3198 840 3244 in
852 3196 963 3257 Ulyssem
977 3194 1071 3243 confert

148 3274 211 3339 apud
227 3275 342 3332 Quintum
353 3274 449 3323 Calabr.
463 3277 519 3324 193.
570 3274 641 3338 Ajax.
674 3269 860 3337 Agamemnonis
882 3270 950 3333 jussu
976 3266 1066 3317 iactum

136 3363 159 3395 m
170 3347 214 3396 hoc
229 3346 312 3412 tragici
329 3357 381 3410 post
391 3348 521 3396 Homerum
569 3363 621 3395 esse
637 3345 709 3394 tradit
719 3344 837 3410 Hyginus,
848 3342 923 3391 fabul.
938 3342 999 3401 102,
1015 3341 1068 3391 sine

133 3429 149 3476 t,
172 3431 281 3479 mouente
303 3420 374 3468 etiarn
395 3421 518 3479 Cicerone,
569 3419 642 3469 dubio
657 3426 763 3467 suaerat
776 3416 876 3481 Ulysses
886 3415 1070 3480 Agamemnoni,

136 3495 196 3542 xlii.
207 3493 247 3540 ubi
264 3494 294 3541 de
312 3494 433 3541 honestate
449 3495 519 3559 hujus
569 3503 596 3542 ut
609 3495 712 3558 juberet.
744 3491 801 3541 Jam
813 3489 870 3556 quid
888 3490 913 3538 in
928 3488 974 3539 bae
989 3489 1074 3540 insula·

133 3567 242 3634 lisputat.
276 3568 368 3616 Ibidem
386 3568 460 3617 hebes
474 3569 518 3618 lroc
568 3563 1068 3633 perintegrumpropedecenniumperege-

133 3640 191 3689 lmen
205 3657 220 3688 a
234 3651 303 3704 poeta
317 3642 415 3705 antiquo
430 3651 516 3690 tracta·
568 3643 607 3696 rit,
631 3649 778 3705 quantosque
800 3637 918 3686 cruciatus
938 3635 1069 3702 pertulerit,

133 3715 240 3769 ollertior,
262 3713 385 3770 callidior;
414 3715 519 3772 Quintus
567 3715 670 3764 breviter
680 3713 720 3763 bic
736 3713 849 3777 tangitur,
860 3711 917 3776 quia
928 3711 958 3758 ad
970 3711 1067 3759 Grecos

133 3788 177 3836 99·
186 3789 214 3845 ὃς
229 3786 269 3836 ⁶5⁰
284 3786 395 3851 φέρτερος
409 3790 462 3837 ἔστι
473 3788 518 3854 βίν
567 3790 713 3854 loquebatur,
727 3787 813 3853 quibus
828 3786 869 3833 illa
886 3793 957 3842 nota,
973 3781 1068 3844 singula

133 3860 266 3925 ινιβουλῇ.
287 3861 335 3908 Siln'
346 3864 460 3917 inutilior,
469 3878 517 3909 sure
568 3872 648 3911 tamen
658 3862 738 3910 valent
754 3860 784 3909 ad
795 3857 1020 3907 commiserationem
1031 3854 1066 3900 sa-

133 3933 185 3983 inus
201 3934 340 3994 consulem
357 3935 410 3983 vide
426 3937 517 3984 adver.
568 3936 685 3992 ciendam,
706 3933 866 3996 invidiamque
886 3926 1011 3978 creandam
1032 3925 1067 3972 U·

139 4009 266 4071 cmm(rel
283 4012 314 4056 ad
328 4009 408 4071 orma)
421 4013 518 4067 trnlrerc,
570 4011 634 4074 lyssi.
672 4008 786 4070 longiore
821 4002 962 4053 narratione,
990 4012 1067 4060 eaque

133 4086 212 4140 uenire,
228 4085 319 4130 mittero
337 4092 417 4131 amant
435 4093 520 4147 poete.
571 4086 637 4133 luctu
654 4080 790 4147 plenissima
809 4076 932 4141 exponitur
950 4088 962 4121 a
982 4070 1066 4130 Quint.

133 4157 151 4207 le
168 4158 193 4207 in
204 4173 253 4206 rem
266 4173 334 4206 suam
348 4157 422 4207 utitur
437 4157 480 4207 illa
490 4159 520 4207 si·
572 4157 685 4212 Calabro,
695 4154 729 4204 ix.
738 4151 875 4202 ssa-396.
886 4147 928 4197 ubi
938 4143 1068 4196 Diomedes
