2774 5004
328 333 797 400 METAMORPHOSEON
821 334 913 400 utu.
937 333 1042 400 XIV.
1148 337 1214 404 32⁶

158 506 225 579 Ad
244 507 453 604 sedemque
473 506 620 606 Erycis,
639 506 833 603 fidumque
852 508 993 581 relatus
1010 508 1208 596 Acesten,

162 621 376 709 Sacrificat,
394 622 658 718 tumulumque
677 622 734 694 sui
753 621 932 717 genitoris
949 623 1127 698 honorat:

162 735 349 834 Quasque
367 747 469 811 rates
489 736 560 810 Iris
578 736 601 809 J
605 737 741 811 unonia
759 762 866 836 paene
885 740 1083 824 cremarat,
1165 745 1215 815 86

165 851 312 939 Solvit;
343 863 383 925 et
400 850 629 950 Hippotadae
649 876 818 948 regnum,
837 863 1031 949 terrasque
1050 855 1189 929 calenti

165 967 322 1041 Sulfure
339 966 541 1052 fumantes,
560 967 910 1064 Acheloiadumque
928 967 1106 1064 relinquit

165 1082 345 1155 Sirenum
364 1084 561 1180 scopulos:
590 1083 798 1178 orbataque
817 1083 977 1180 praeside
996 1083 1109 1181 pinus

163 1196 369 1285 Inarimen,
391 1198 685 1295 Prochytenque
704 1199 807 1293 legit,
827 1197 1020 1295 sterilique
1039 1200 1182 1272 locatas

165 1313 277 1385 Colle
294 1312 534 1400 Pithecusas,
554 1315 789 1388 habitantum
808 1315 959 1388 nornine
977 1315 1111 1388 dictas.

164 1426 319 1526 Quippe
338 1429 463 1503 Deum
481 1430 626 1525 genitor
645 1429 830 1515 fraudem,
850 1440 888 1502 et
908 1429 1072 1527 perjuria
1093 1452 1212 1526 quon-

319 1544 406 1616 dam
1164 1547 1208 1620 91

166 1657 384 1755 Cercopum
402 1684 554 1746 exosuS,
574 1661 775 1757 gentisque
793 1659 957 1733 admissa
973 1659 1126 1747 dolosae,

164 1872 263 1921 infamia
269 1874 360 1922 Africa.
382 1875 478 1924 Italiam
485 1878 668 1941 petenaAEneaa
718 1878 813 1926 thecuae
829 1875 912 1939 (hodie
925 1877 1025 1924 Procida
1039 1885 1064 1924 et
1079 1874 1167 1938 tntu)
1177 1875 1214 1924 iu·

163 1945 280 2010 effertur,
299 1947 377 1996 denuo
395 1946 500 1998 defertur
518 1950 542 1997 in
562 1951 668 2014 Drepani
718 1950 775 1998 sule
802 1948 959 2014 promontorio
984 1948 1078 1998 Miseno
1104 1949 1214 2014 objecta.

164 2029 270 2084 portum.
294 2021 370 2086 Prope
379 2031 430 2070 erat
440 2026 500 2072 rader
514 2023 668 2087 Erycinurba
718 2026 770 2072 Har
791 2040 805 2071 a
826 2022 913 2088 figlinis
937 2023 1087 2073 doliariorum
1110 2023 1214 2088 (dolium

165 2094 241 2157 Eryx,
252 2110 324 2158 quam
336 2095 474 2145 condiderat
485 2098 558 2161 Eryx,
568 2098 669 2146 Veneria
717 2097 780 2146 enim
793 2095 885 2146 Graecia
900 2097 986 2158 πίθος)
1004 2114 1088 2146 nomeu
1105 2097 1213 2154 maxime,

164 2175 191 2215 et
202 2165 254 2232 ipse
265 2168 337 2217 filine.
355 2170 392 2217 Ibi
403 2169 475 2218 etiam
486 2172 592 2234 AEgertur
601 2171 667 2228 Troe,
718 2179 799 2219 auctor
809 2178 845 2219 eat
856 2170 957 2227 Plinius,
967 2171 1001 2220 iii.
1010 2173 1037 2220 6.
1070 2172 1158 2221 Noster
1172 2187 1214 2220 au-

164 2257 239 2306 quem
262 2241 363 2291 Ovidius
383 2259 436 2292 curn
455 2245 555 2308 Virgilio
572 2249 666 2293 deenen
718 2252 775 2299 tem,
794 2253 821 2292 ut
839 2245 976 2308 postulabat
996 2245 1073 2310 operis
1091 2246 1128 2293 eui
1148 2245 1216 2301 ratio,

164 2313 276 2364 nominet
286 2315 350 2379 (vid.
362 2316 440 2381 Heyn.
452 2317 483 2365 ad
498 2317 566 2382 Virg.
579 2320 637 2366 AEn.
650 2317 666 2366 i.
715 2316 822 2379 requitur
839 2331 886 2371 eoa,
903 2316 945 2380 qui
962 2333 977 2364 a
993 2318 1075 2372 simlia,
1094 2317 1216 2377 audireris,

167 2388 238 2449 196.)
256 2388 363 2438 conditor
379 2390 445 2439 urbia
463 2392 567 2454 AEgeatar
586 2408 605 2439 a.
624 2392 665 2440 Se-
716 2389 816 2438 insulam
827 2389 916 2438 dictam
931 2406 982 2439 eaae
996 2392 1133 2440 malebant:
1152 2393 1215 2441 hanc·

164 2471 251 2525 geatae,
263 2479 277 2511 a
290 2479 338 2528 quo
351 2473 376 2513 et
390 2480 464 2530 nuper
479 2474 546 2514 erant
563 2465 665 2529 benigne
715 2463 815 2511 eandem
831 2478 882 2512 aare
894 2474 965 2527 atque
981 2463 1097 2512 Inarimen
1108 2481 1127 2511 a.
1139 2466 1215 2513 AEne·

164 2536 271 2601 excepti,
291 2546 316 2586 et
337 2553 400 2586 nnuc
420 2537 585 2603 excipiuntur:
611 2538 666 2587 hinc
715 2537 782 2591 riam,
818 2535 997 2584 auctoritatibus
1028 2537 1213 2601 geographorum

165 2608 233 2673 apud
251 2610 319 2673 Virg.
336 2610 361 2658 d.
374 2609 390 2658 l.
408 2613 476 2658 honor
492 2614 588 2668 Acestes,
606 2611 631 2659 lt.
646 2611 665 2659 l.
716 2611 851 2658 Graecorum
864 2609 985 2659 contendit
995 2609 1161 2658 Salmasiuead
1172 2611 1214 2658 So·

156 2683 236 2744 fidus.
270 2683 308 2731 Ibi
327 2693 352 2733 et
372 2687 487 2732 tumulum
506 2687 668 2750 unigenitoris
716 2683 799 2739 limrm,
821 2698 876 2748 pag.
897 2683 937 2732 97.
988 2684 1102 2732 Diversus
1123 2683 1215 2735 faciunt

164 2757 272 2812 hamat,
279 2757 387 2820 genitori,
395 2773 466 2821 quern
477 2759 595 2824 superiore
605 2775 666 2808 anno
717 2756 827 2813 Ovidius,
840 2756 903 2804 Mela
918 2765 943 2804 et
957 2756 1008 2804 alii.
1042 2756 1122 2804 Fluxit
1135 2765 1215 2805 autern

164 2829 251 2877 eodem
262 2829 301 2878 die
311 2830 344 2878 ibi
355 2831 504 2895 sepeliverat,
511 2847 602 2881 sacrum
611 2833 668 2881 lacit
718 2830 762 2878 hoc
776 2845 860 2877 nornen
874 2846 903 2877 ex
919 2829 971 2878 loco
985 2828 1024 2877 rel
1037 2829 1168 2893 depravato
1177 2829 1216 2880 vel

167 2903 368 2961 anniversarium
382 2906 667 2972 Virgil.AEn.r.⁴5aqq.
718 2903 780 2953 male
798 2903 918 2952 intellecto
937 2904 1043 2960 Homeri,
1060 2905 1089 2952 ΙΙ.
1107 2908 1136 2952 Β.
1155 2903 1214 2952 763.
1249 2897 1254 2909 “

200 2978 243 3026 85.
261 2976 520 3029 IriraJunouemiaaa
532 2981 668 3030 mulieribus
717 2977 763 3027 Iliv
774 2978 898 3041 Ἀρίμοιςι
920 2993 978 3040 quoa
996 2976 1091 3025 Arimoe
1108 2974 1215 3025 nonnulli

164 3050 284 3114 Trojania,
296 3067 399 3100 errorum
417 3053 584 3102 maritimomm
603 3070 667 3117 pero·
681 3083 683 3088 ·
718 3053 742 3100 in
751 3050 1108 3100 hanciusulamtruurlerebaut.
1121 3052 1214 3108 Strabo,

163 3123 211 3178 aia,
229 3125 353 3188 persuasit,
372 3135 397 3174 ut
413 3126 484 3175 claaai
501 3127 579 3192 ignern
597 3127 666 3176 inter·
717 3142 742 3172 v.
762 3141 816 3190 pag.
836 3125 892 3173 ³79.
914 3125 989 3180 addit,
1010 3123 1089 3172 simion
1109 3125 1216 3172 Etruacia

164 3205 230 3245 rent.
269 3200 377 3256 Quatuor
403 3200 504 3249 navibus
532 3202 667 3257 combustis,
718 3199 794 3247 dictos
814 3215 865 3247 esse
887 3202 982 3256 urinas,-
1006 3197 1059 3246 vide
1083 3197 1166 3246 Heina.
1184 3196 1215 3246 nd

166 3269 264 3336 Jupiter
274 3271 410 3321 incendium
422 3274 522 3322 extinxit
533 3274 613 3338 pluvia
624 3275 668 3322 im·
718 3272 742 3319 h.
753 3273 770 3320 l.
785 3272 895 3320 ltlunker.
910 3271 940 3318 ad
959 3272 1067 3319 Lactaut.
1079 3270 1178 3334 Argum.
1189 3279 1216 3320 ct

166 3342 256 3402 missa,
280 3345 377 3394 AEueid.
398 3364 422 3394 v.
441 3347 498 3394 606.
532 3348 667 3409 Hippotada
718 3348 797 3408 Heyn
808 3347 867 3393 Exc.
878 3346 902 3392 ii.
914 3344 944 3393 ad
957 3345 1023 3408 Virg.
1034 3343 1130 3392 AEneid.
1140 3345 1177 3392 ix.

165 3434 274 3480 regnum,
285 3419 372 3467 AEoliar
389 3420 481 3476 insulae,
494 3420 569 3485 plener
587 3437 667 3470 caver-
748 3421 790 3468 9¹2.
808 3419 921 3479 Cercoper,
935 3417 1018 3481 Lydiae
1028 3416 1140 3483 populus,
1152 3417 1215 3467 irau-

166 3506 253 3539 narum
260 3494 389 3557 etrulfurir
391 3494 518 3557 fumantis,
526 3503 668 3558 quapropter
717 3492 902 3547 dolentissimus,
920 3491 1038 3540 malitiosa
1056 3492 1161 3541 verentia
1179 3493 1216 3541 in·

166 3571 194 3614 et
205 3564 272 3612 AEoli
286 3581 382 3629 regnum
396 3576 420 3615 et
431 3568 534 3615 Vulcani
549 3568 667 3615 officinam
717 3567 799 3632 signia.
821 3567 876 3615 Jovi
887 3566 998 3615 adversus
1008 3568 1136 3614 Saturnum
1146 3582 1216 3632 opem

166 3637 484 3704 huetrauatuleruntpoeta.
502 3641 669 3688 Acheloiudum
717 3642 887 3704 promiserant5
914 3639 965 3695 red,
987 3648 1086 3705 accepta
1106 3641 1216 3704 pecunia,

167 3726 212 3774 pro
218 3712 378 3770 Acheloidurn,
386 3714 454 3763 metri
466 3729 545 3762 cauea.
562 3715 668 3763 Sirenum
718 3730 772 3762 eum
783 3715 896 3763 riserunt:
915 3713 970 3762 inde
981 3712 1069 3762 versuti
1080 3715 1218 3778 impostore·

167 3787 262 3846 scopuli,
280 3796 352 3850 petre
370 3795 417 3835 trea
436 3803 482 3836 non
498 3788 568 3852 longe
589 3803 603 3835 a
620 3788 668 3837 Ca·
719 3787 850 3852 Kiprrrrrrrg
860 3789 926 3845 dicti,
938 3800 963 3837 et
973 3789 1140 3852 εεριωπίζειν,
1151 3789 1216 3835 irau-

168 3858 499 3923 preinnautngtisintanes.
532 3862 571 3911 De
582 3863 670 3910 Sireni-
719 3859 864 3920 desmoliri;
880 3861 1072 3910 videZenobiuru
1083 3859 1215 3919 Centi.6;

170 3932 278 3982 hervide
293 3937 465 3999 auprav.551.
499 3936 669 3992 Placentinis,
719 3934 803 3983 iudo.
835 3934 984 3984 SedGnecis
994 3949 1093 3995 cercopea
1106 3940 1131 3979 et
1140 3947 1216 3994 genua

167 4007 252 4055 orbata
267 4010 368 4068 preside,
379 4009 534 4071 gubernatore
548 4008 668 4065 Palinuro,
719 4009 838 4057 simiorum
862 4009 1030 4057 caudatorum:
1057 4007 1216 4064 cercopithecos

170 4080 212 4144 qui
223 4096 278 4129 eum
289 4079 451 4144 gubernaculo
461 4098 573 4131 excusam
583 4083 669 4131 eratin
719 4081 744 4129 in
755 4082 877 4146 AEthiopia
887 4088 999 4130 memorat
1009 4088 1033 4128 et
1043 4078 1155 4130 describit
1165 4079 1215 4127 Pli-

170 4168 251 4214 mare,
269 4156 327 4203 AEn.
339 4173 363 4204 v.
374 4156 430 4204 667.
465 4157 581 4220 Prochyta
591 4165 616 4205 at
628 4157 670 4204 Pi·
720 4154 781 4210 uiua,
793 4154 857 4202 Hiat.
869 4155 927 4220 Nat.
938 4153 986 4202 viii.
997 4154 1037 4200 tt.
1169 4158 1173 4162 ’
