2774 5004
289 332 334 397 23
557 350 562 359 ·
585 319 810 391 P.0V11)11
835 317 1048 386 NASONIS

294 501 434 577 Rasilis
451 499 538 575 huic
553 519 739 572 summam
756 493 955 568 mordebat
970 490 1088 564 fibula
1103 498 1272 574 vestem;

293 617 418 692 Orinis
435 626 518 691 erat
535 613 710 711 simplerr,
731 611 873 684 nodum
890 608 1073 682 collectus
1091 605 1130 678 in
1148 627 1287 678 unum:

295 733 357 808 Ex
374 735 530 806 humero
547 729 718 829 pendens
736 726 938 803 resonabat
955 724 1121 799 eburneo
1136 722 1241 801 loevo.
1269 723 1337 793 320

294 849 471 923 Telorum
488 857 640 934 custos3
670 867 800 918 orcum
818 864 971 940 qnoque
988 841 1082 912 loeve
1097 837 1268 912 tenebat.

295 963 398 1038 Talis
416 973 497 1037 erat
510 963 654 1049 cultus;
682 959 811 1047 facies,
830 982 945 1056 quam
962 957 1089 1029 dicere
1106 977 1195 1029 vere

296 1078 514 1174 Virgineam
530 1077 569 1150 iu
587 1100 716 1175 puero,
731 1075 913 1174 puerilem
930 1075 969 1147 iu
986 1071 1129 1168 virgine
1147 1069 1286 1168 possis.

298 1192 409 1267 Hanc
427 1194 568 1291 pariter
586 1192 689 1278 vidit,
709 1190 848 1289 pariter
866 1189 1100 1286 Calydonius
1118 1186 1230 1259 heros

299 1309 468 1407 Optavit,
487 1318 668 1382 renuente
688 1306 783 1393 Deo,
802 1306 1048 1402 flammasque
1066 1304 1230 1377 latentes
1274 1301 1342 1375 325

299 1423 458 1498 Hausit:
480 1434 529 1508 et,
551 1423 622 1496 “O
642 1421 745 1509 felix,
765 1423 797 1496 si
816 1446 930 1520 quem
946 1416 1200 1517 dignabitur,”
1211 1415 1342 1512 inquit,

299 1548 323 1578 “
340 1538 421 1613 lste
430 1537 591 1612 viruml”
604 1561 675 1611 nec
693 1537 803 1636 plura
816 1537 944 1610 sinunt
960 1531 1343 1632 tempusque,pudor·

300 1654 459 1729 Dicere:
479 1655 601 1750 majus
611 1677 709 1751 opus
719 1654 846 1749 magni
860 1652 1075 1728 certaminis
1094 1660 1215 1746 urget.
1258 1650 1345 1745 [que

352 1769 456 1842 Silvo
483 1768 662 1867 frequens
686 1768 869 1856 trabibus,
890 1793 1005 1867 quem
1030 1767 1134 1841 nulle
1159 1765 1347 1841 ceciderat

303 1882 444 1982 Incipit
460 1907 483 1956 a
499 1885 625 1983 plano,
645 1885 866 1983 devexaque
883 1885 1067 1984 prospicit
1084 1905 1193 1958 arva:
1227 1882 1345 1977 [tntae

300 1998 387 2084 Quo
404 2009 609 2097 postquam
620 2024 756 2075 venere
768 2000 849 2087 viri,
861 2025 947 2099 pars
966 2001 1060 2074 retia
1075 2000 1255 2074 tendunt:

302 2240 327 2279 et
348 2229 423 2278 torma
444 2237 496 2278 erat
520 2229 628 2296 insignis,
649 2243 675 2280 et
696 2232 803 2281 venatrix
852 2232 932 2297 giuem
952 2231 1112 2290 venatricem
1139 2229 1221 2278 confer
1240 2227 1275 2278 ix.
1296 2229 1347 2277 712.

302 2303 505 2370 praestantissime.
853 2306 966 2356 AElienue
982 2306 1005 2356 ei
1020 2305 1103 2354 tribuit
1116 2302 1235 2367 insignem
1244 2302 1347 2368 pnlebri·

337 2379 395 2426 318.
406 2377 497 2425 Racilio
508 2394 587 2444 opere,
599 2394 653 2444 quer
668 2378 805 2429 inleminu
854 2379 961 2430 tudinem
982 2389 1007 2429 et
1026 2379 1143 2442 fulgorem
1159 2377 1292 2434 oculorum,
1311 2373 1349 2440 qui

304 2448 403 2501 diducta
416 2460 441 2499 et
455 2449 560 2515 levigata
574 2461 637 2510 eunt,
648 2452 673 2501 id
690 2453 755 2517 quod
769 2454 805 2503 tn·
854 2455 1021 2519 perstringeret
1032 2454 1159 2508 intuentes,
1170 2459 1195 2500 et
1205 2452 1349 2516 perturbaret

307 2525 404 2575 ciebant
415 2541 509 2581 tutores,
520 2526 550 2574 de
562 2526 649 2591 quibus
656 2525 704 2575 vid.
714 2526 806 2576 Selme-
854 2525 953 2591 ignaros
963 2526 1079 2576 homines.

306 2598 365 2657 ciue,
376 2598 482 2648 Exercit.
494 2599 557 2648 Plin.
568 2616 593 2666 p.
602 2601 658 2649 7³6.
691 2600 807 2650 Semnum
888 2599 1350 2663 324.rlampariuroitti‚eic.]1’n-

305 2685 386 2724 ucem
402 2675 504 2724 tentius
521 2674 635 2740 intelligit
649 2674 730 2731 alnus,
742 2691 806 2726 more
855 2672 921 2722 clare
935 2683 1002 2724 nont
1018 2673 1095 2723 heroi·
1105 2689 1192 2729 nom.
1204 2673 1244 2722 eui
1254 2675 1350 2739 glories

304 2750 453 2805 venantium,
472 2749 629 2806 subtractam,
648 2764 720 2814 qnam
733 2749 807 2799 tibuit
856 2755 960 2796 monebo
975 2747 1099 2796 interfecto
1115 2746 1191 2812 postor
1209 2763 1262 2797 ωε
1281 2748 1350 2798 debe·

305 2821 418 2872 tenuerit.
460 2821 546 2870 Fibula
572 2824 687 2872 mordebat
707 2832 806 2881 vesum,
855 2820 906 2870 bnt.
938 2822 1024 2886 Neque
1045 2823 1117 2887 plene
1137 2821 1285 2872 omittendus
1305 2829 1353 2873 eret

304 2893 434 2957 eleganter,
441 2893 568 2943 collectum
577 2895 723 2945 continebat.
740 2896 806 2945 Acu·
856 2894 896 2945 ltic
915 2911 987 2952 emor,
1007 2905 1101 2961 propter
1122 2911 1161 2952 et,
1184 2912 1239 2962 qun
1260 2897 1317 2947 inde
1339 2912 1351 2946 ι

305 2966 651 3032 lemenimfibulaeeetqumi
667 2969 734 3018 dene.
766 2969 805 3018 Fi·
856 2985 925 3020 versu
947 2972 1003 3020 ⁴26.
1029 2980 1169 3035 sequuntur.
1204 2971 1283 3021 Simul
1304 2973 1352 3021 bec

306 3038 370 3086 buli·
380 3039 452 3089 vestis
469 3040 508 3088 vel
524 3040 549 3088 in
564 3041 676 3098 humeris,
687 3042 726 3090 vel
742 3041 807 3090 circe
856 3043 937 3093 velent
957 3044 988 3092 nd
1004 3044 1215 3094 commendandum
1234 3046 1353 3096 Atnlentn

307 3119 391 3175 pectus
417 3113 628 3177 constringebatur.
662 3114 714 3163 llbe
741 3114 808 3164 dice-

308 3183 395 3233 bentur
407 3184 520 3250 περόναι,
534 3186 580 3242 he,
595 3185 700 3250 πόρπαι.
726 3187 805 3237 AElie-

309 3271 363 3312 nur,
377 3257 442 3306 dicto
453 3258 515 3318 loco,
531 3259 553 3309 ei
565 3261 647 3310 tribuit
664 3262 760 3322 στολὴν
778 3261 807 3311 d·

309 3329 808 3401 cpdypovuealrocatmv,ctavprlcrro-

307 3402 359 3454 δεῖν
374 3409 420 3467 τῆς
436 3405 586 3473 Ἀρτέμιδος.
620 3411 697 3459 Crinie
708 3414 809 3474 simplet,

309 3480 389 3528 cultus
403 3480 544 3544 capillorum
554 3483 663 3548 simplex.
696 3487 750 3550 Ope
761 3486 809 3536 ras-

309 3552 353 3602 ciae
365 3554 537 3618 colligebantur
552 3558 578 3606 in
591 3560 676 3606 nodum
686 3568 758 3624 utque
769 3579 809 3609 rio·

308 3628 362 3675 dori
389 3626 537 3680 dicebantur.
581 3630 686 3680 Auctore
713 3634 810 3698 Apollo-

312 3699 379 3756 doro,
390 3700 526 3765 θηρεύουσα
536 3704 564 3755 lv
573 3704 663 3772 ἐρημίᾳ
670 3709 809 3758 καθωπλισ-

309 3771 372 3838 μένη
390 3772 496 3827 διετέλει.
524 3780 589 3828 Hinc
606 3797 634 3829 er
651 3783 751 3841 humero,
763 3793 810 3834 etc.

311 3847 419 3898 &stodes
438 3866 516 3900 rerum
540 3853 650 3904 dicuntur
670 3871 735 3912 vasa,
755 3874 809 3921 qure

310 3919 365 3970 illm
380 3923 520 3987 coutinent3
537 3927 586 3975 xiii.
598 3929 654 3977 703.
664 3944 746 3980 acerra
759 3948 810 3980 cru·

310 3999 424 4045 torturis.

344 4071 402 4120 322.
420 4071 500 4121 Faciet
510 4073 589 4122 medin
600 4076 811 4142 eratinterpueri·

310 4143 360 4193 lem
370 4155 394 4195 et
406 4145 545 4210 virgineam,
558 4147 637 4213 qualis
652 4148 753 4200 decebat
763 4149 809 4200 rir-

857 3116 895 3165 rel
918 3117 1120 3181 pulchritudinem
1142 3120 1179 3168 rel
1203 3120 1353 3185 dignitatem.

859 3190 921 3251 Opus
937 3195 1068 3241 certaminis
1085 3193 1133 3242 iere
1149 3194 1249 3251 dictum,
1266 3203 1294 3244 ut
1307 3213 1353 3245 cer·

858 3273 933 3311 tumen
942 3281 1034 3329 pugne,
1048 3264 1091 3314 xii.
1106 3267 1159 3316 180.

890 3339 947 3387 329.
968 3340 1031 3387 Silua
1044 3341 1166 3404 fraqam,
1186 3341 1248 3403 ete]
1270 3341 1353 3398 Imm,

858 3411 899 3460 ubi
918 3427 975 3477 aper
990 3415 1186 3470 commorabatur,
1197 3423 1222 3462 et
1232 3415 1298 3464 unde
1307 3417 1354 3482 pri·

858 3501 911 3534 mue
925 3485 1035 3550 impetus.
1069 3487 1144 3540 Quum
1159 3489 1227 3535 nulla
1244 3492 1355 3537 ceciderat

858 3571 925 3609 etei:
943 3559 999 3609 nlibi
1018 3561 1119 3610 nemoris
1136 3561 1227 3611 indicet
1242 3564 1355 3613 sanctita·

858 3644 915 3692 tem,
934 3635 972 3684 hic
990 3635 1151 3691 densitatem·
1171 3638 1232 3685 Post
1245 3642 1356 3699 incipito

857 3710 926 3770 pinno
940 3709 1007 3773 sequi
1025 3709 1135 3766 debebat,
1147 3711 1222 3774 surgit
1236 3711 1262 3760 in
1278 3721 1357 3762 monte

859 3792 902 3831 eut
922 3782 984 3831 cliro
1005 3784 1107 3833 molliter
1128 3785 1290 3846 escendente5
1315 3785 1356 3836 ced

859 3857 1160 3922 exquisiteproeo,deoeru
1168 3862 1278 3921 prospicit
1286 3877 1357 3909 em:

859 3933 950 3987 deuexo,
961 3933 1014 3982 loce
1030 3935 1122 3999 rupina,
1133 3935 1249 3998 paulatim
1259 3935 1359 3984 descen·

860 4003 941 4053 dentis
959 4005 990 4054 ed
1008 4006 1119 4070 pinnum:
1135 4010 1279 4069 prospiciunt
1298 4009 1357 4064 loce,

860 4077 924 4129 uude
935 4089 1071 4144 prospectus
1080 4082 1105 4128 in
1116 4081 1234 4130 interiore.
