2774 5004
389 727 438 812 P.
469 723 669 807 OVIDII
699 723 964 805 NASONIS

221 932 1134 1031 METAMORPHOSEON

368 1151 516 1217 uranu
542 1149 1000 1224 bacmos-aurnuns.

580 1347 777 1399 -4-

201 1519 248 1582 N.
262 1518 305 1581 B.
332 1516 570 1601 Argumentum
584 1515 681 1599 hujus
696 1515 768 1581 libri
783 1515 897 1580 decimi
913 1515 1016 1598 quinti
1029 1512 1205 1578 Metamor-

162 1635 322 1719 phoseon‚
348 1633 484 1698 relatum
514 1633 656 1697 invenies
684 1634 717 1697 in
745 1633 827 1697 cerie
856 1631 1026 1709 cinnam,
1053 1642 1130 1695 tom.
1159 1630 1204 1694 iii.

160 1773 236 1835 pag.
253 1751 306 1816 60.

625 1920 707 1970 rau.
724 1920 747 1968 1.

165 2069 474 2174 QUAERITUR
491 2086 645 2172 interea,
665 2087 730 2182 qui
748 2098 863 2161 tantae
882 2088 1048 2184 pondera
1065 2087 1173 2162 molis

164 2201 372 2287 Sustineat,
392 2212 571 2296 tantoque
591 2211 705 2297 queat
722 2201 924 2275 succedere
941 2203 1032 2298 regi.

167 2316 344 2390 Destinat
361 2315 516 2412 imperio
533 2316 674 2388 clarum
693 2314 901 2412 praenuntia
917 2315 994 2387 veri

167 2430 285 2504 Fama
303 2429 490 2503 Numam:
519 2454 593 2502 non
612 2429 675 2502 ille
692 2431 784 2504 satis
803 2430 984 2526 cogndsse
1004 2428 1153 2501 Sabinae

203 2646 291 2695 1-59.
309 2643 428 2708 Mycalen,
438 2654 561 2710 postquam
573 2646 664 2695 Hercu·
715 2645 788 2694 duces
799 2646 851 2693 belli
861 2645 939 2693 molem
949 2645 1058 2693 oratiam
1069 2642 1188 2692 dicuntur.

167 2718 197 2768 lia
217 2734 314 2767 munem
329 2718 451 2767 aboolutnn
470 2727 521 2766 erat
541 2733 555 2766 n
574 2718 681 2777 ciuibus¹
748 2721 771 2767 3.
788 2717 1005 2781 imperaturum]
1023 2716 1073 2764 Siri
1084 2715 1158 2765 codex
1169 2720 1212 2765 im·

167 2793 226 2849 snb,
242 2792 268 2840 in
286 2791 383 2839 Italiam
403 2789 567 2855 proficiscitur,
585 2790 666 2854 ibique
715 2795 776 2854 perio
787 2792 864 2839 Latio.
878 2791 982 2846 Gloriam,
993 2788 1108 2852 inclytum
1119 2789 1213 2853 justitie

171 2867 272 2913 Crotona
287 2865 369 2913 urbem
386 2863 476 2919 condit,
488 2878 561 2926 quam
577 2863 666 2927 Pytho·
717 2873 741 2914 et
751 2865 872 2929 religione,
883 2861 1080 2912 consultissimum
1091 2862 1166 2913 omnir
1175 2864 1214 2913 di·

168 2954 239 3002 goras
266 2937 350 2986 rtudiio
379 2937 428 2985 cuin
454 2936 570 2985 nobilitat.
603 2937 668 2985 lneot
716 2937 765 2986 vini
781 2945 805 2986 et
822 2936 917 2984 hnmani
931 2934 1000 2999 juris.
1033 2934 1123 2991 Livius,
1140 2935 1158 2984 i.
1174 2939 1214 2986 lt.

170 3009 366 3075 metamorphosin
380 3020 482 3058 atrorum
498 3010 630 3072 lapillorum
643 3014 668 3057 in
718 3012 778 3058 Satis
795 3011 868 3065 bold,
885 3008 926 3072 qni
944 3007 1075 3070 acquiescit
1090 3008 1115 3055 in
1134 3008 1216 3073 aliqua

170 3085 243 3132 olboo.
275 3084 305 3133 ln
322 3082 439 3131 ornanda
455 3081 563 3131 Crotonio
579 3082 668 3146 origine
718 3098 759 3142 re3
775 3081 829 3131 vide
842 3080 948 3130 Cortium
964 3079 995 3126 ed
1008 3078 1145 3127 suturam
1156 3081 1215 3144 lug.

171 3156 275 3205 Ovidius
288 3156 346 3204 alico
359 3164 467 3204 auctores
481 3163 669 3210 maturatae
719 3155 837 3204 mito.
871 3152 1018 3201 Describitur
1035 3151 1154 3215 ingenium
1173 3169 1215 3202 er·

172 3230 348 3278 noobnbemnr.
374 3229 420 3282 Qui
431 3236 494 3277 recte
504 3229 534 3276 ab
545 3227 668 3277 Heinoaex
720 3226 891 3290 cellenn,quod
901 3238 982 3288 cepere
998 3224 1216 3290 rtudetooprater·

172 3305 255 3352 Onon.
267 3304 322 3351 MS.
337 3311 459 3367 receptum
476 3317 526 3365 pro,
543 3305 599 3363 quit.
633 3301 671 3349 lta
719 3300 762 3349 doo
781 3299 912 3365 popularet.
944 3298 1032 3345 Sabine
1054 3300 1129 3362 gentio
1148 3303 1217 3359 ritas,

173 3377 238 3426 enim
248 3392 346 3438 querere
358 3383 396 3424 cot
408 3374 597 3439 circumspicere,
607 3373 671 3438 quod
720 3371 869 3437 disciplinam
879 3386 971 3420 caerem
981 3380 1006 3420 et
1015 3371 1109 3421 civilem
1118 3374 1217 3424 Sabino·

173 3465 237 3498 cnm
251 3449 412 3497 Romanorum
427 3447 501 3495 multo
517 3447 602 3495 melino
616 3462 672 3496 con·
721 3461 863 3510 remquam
880 3444 988 3494 tetricam
1005 3453 1030 3494 et
1045 3445 1135 3495 motem
1148 3456 1218 3498 vocet

174 3523 249 3578 venit,
266 3537 338 3585 quam
359 3521 433 3569 altero
455 3536 534 3576 mnou,
555 3520 672 3575 Quaritnr
721 3519 803 3569 Livius
813 3519 839 3567 d.
847 3519 866 3569 l.
884 3518 1056 3581 Copoeavaoit
1067 3520 1218 3585 amplioribur

174 3597 234 3657 quir.
268 3594 339 3659 Regii
361 3592 433 3642 nostri
453 3593 530 3649 ambo,
546 3600 574 3640 nt
592 3608 673 3641 omnen
723 3592 752 3641 ad
779 3595 890 3648 animum,
916 3590 1047 3655 ingenium,
1072 3593 1220 3644 translatum.

175 3667 314 3732 aliipreter
328 3666 594 3721 Oxonienoembabent
608 3669 672 3728 quior
725 3667 826 3729 Μῄονα,
846 3665 908 3714 ccitu
928 3663 1036 3728 digniora
1060 3674 1084 3713 et
1105 3667 1220 3729 graviora.

175 3739 217 3789 sed
233 3739 355 3803 probanda
369 3748 405 3787 ert
420 3739 554 3787 emendatio
565 3738 671 3786 Heinoii:
724 3738 917 3802 complacebo
943 3737 1031 3786 studet.
1067 3739 1219 3802 Frequenter,

177 3811 263 3861 eodem
284 3827 354 3860 nemu
372 3811 506 3868 Terentius,
524 3811 586 3860 Eun.
601 3810 633 3858 iv.
651 3812 674 3860 7.
723 3814 765 3861 red
787 3814 850 3861 vetio
874 3827 952 3868 censu,
973 3810 1058 3859 Noster
1083 3810 1127 3858 boe
1150 3812 1220 3859 verbo

180 3885 485 3946 Qnaermqoimpoodoot.
512 3884 622 3932 Graviter
633 3899 675 3932 eu·
724 3887 807 3934 ulitur.
841 3886 957 3947 Requirit,
980 3898 1119 3945 cognoscere
1144 3882 1220 3947 cupit,

179 3967 228 4006 tem
245 3957 361 4022 expremit
376 3957 441 4021 regni
459 3973 535 4014 curer,
551 3961 591 4020 qni
607 3966 676 4005 tonte
725 3976 773 4020 que
792 3963 822 4007 rit
841 3975 918 4005 rernm
939 3965 1032 4011 notura,
1049 3953 1219 4019 philosophiam

178 4034 289 4094 pondero,
301 4039 348 4079 etc.
357 4046 493 4095 quenquam
507 4030 584 4080 tenuit
599 4030 676 4079 adbuc
726 4032 843 4086 Graecam,
865 4044 918 4092 qum
939 4027 1074 4075 versabatur
1097 4026 1121 4074 in
1145 4043 1221 4076 rernm

181 4103 407 4169 tnnctemporiareo
416 4104 534 4152 Romanu.
566 4104 678 4152 Similiter
728 4101 970 4166 naturaerplicenda.
