2774 5004
299 352 365 416 toa
583 349 621 412 P.
646 346 800 412 ovtnll
813 347 1036 414 ¹NASONIS

300 523 375 594 Vix
388 521 565 617 equidem
580 521 647 593 bas
662 521 786 605 sedes,
798 533 837 592 et
848 519 1006 618 Iapygis
1016 521 1124 593 arida
1135 520 1261 593 Dauni
1275 524 1336 592 blo

301 638 401 712 Arva
414 660 528 733 gener
545 650 669 720 teneo,
688 637 844 710 minima
860 661 947 708 cum
965 646 1073 733 parte
1091 659 1274 709 meorum.

351 753 397 824 V.
412 751 608 825 Hactenus
620 752 795 824 OEnides:
814 752 985 824 Venulus
997 752 1216 849 Calydonia
1225 774 1335 846 regna,

300 867 578 963 Peucetiosque
597 865 713 948 sinus,
735 865 1005 964 Messapiaque
1023 890 1114 939 arva
1130 867 1315 962 relinquit.

301 981 346 1055 ln
365 984 505 1080 quibus
523 992 630 1054 antra
646 981 760 1064 videt,
781 1004 866 1076 quae
883 982 1002 1054 multa
1020 982 1153 1054 nubila
1170 982 1274 1064 silva,

301 1097 352 1170 Et
368 1099 513 1170 levibus
532 1097 648 1192 guttis
666 1096 868 1183 manantia,
889 1097 1097 1193 semicaper
1116 1095 1205 1169 Pan
1278 1099 1337 1168 515

301 1212 414 1285 Nunc
432 1223 556 1299 tenet;
582 1222 622 1284 at
638 1212 802 1308 quodam
816 1222 1017 1284 tenuerunt
1033 1222 1211 1309 tempore
1232 1211 1336 1308 Nym·

300 1329 476 1425 Appulus
494 1327 561 1399 has
580 1328 645 1399 illa
662 1338 789 1424 pastor
806 1328 957 1423 regione
976 1327 1128 1422 fugatas
1235 1327 1336 1423 [pha.

299 1442 459 1529 Terruit,
479 1453 518 1515 et
535 1443 655 1539 primo
673 1445 797 1516 subita
814 1443 1011 1515 formidine
1031 1442 1160 1514 movit.

301 1555 409 1645 Mox,
428 1557 493 1630 ubi
511 1578 618 1631 mens
637 1555 759 1642 rediit,
773 1567 812 1631 et
828 1568 1091 1653 contempsere
1110 1565 1336 1651 sequentem,

301 1671 362 1745 Ad
380 1696 577 1746 numerum
596 1673 706 1745 motis
724 1673 886 1768 pedibus
903 1673 1048 1744 duxere
1065 1672 1240 1744 choreas.
1276 1675 1338 1742 520

303 1785 499 1884 Improbat
515 1787 583 1860 has
601 1798 742 1884 pastor,
762 1788 938 1882 saltuque
956 1787 1127 1858 imitatus
1143 1786 1283 1880 agresti

301 1901 461 1974 Addidit
477 1893 664 1975 obscn'mis
682 1902 849 1974 convicia
863 1902 1003 1974 rustica
1018 1901 1155 1974 dictis:

303 2016 385 2088 Nec
404 2017 508 2113 prius
527 2017 698 2102 obticuit,
718 2042 833 2114 quam
851 2029 1004 2114 guttura
1019 2016 1194 2090 condidit
1210 2017 1324 2090 arbor.

301 2130 445 2203 Arbore
463 2130 562 2203 enim
582 2155 773 2228 succoque
791 2133 882 2207 licet
898 2155 1128 2227 cognoscere
1147 2156 1290 2220 mores3

301 2242 454 2342 Quippe
473 2254 600 2318 notam
617 2245 755 2341 linguae
773 2247 901 2319 baccis
915 2246 1077 2321 oleaster
1095 2247 1233 2319 amaris
1276 2250 1338 2318 525

302 2355 488 2433 Exhibet:
518 2361 699 2456 asperitas
718 2364 915 2435 verborum
933 2362 1049 2436 cessit
1065 2362 1105 2434 in
1123 2362 1222 2435 illas.

351 2474 419 2548 Vl.
442 2474 542 2548 Hinc
561 2477 626 2549 ubi
644 2477 759 2573 legati
779 2479 935 2563 rediere,
954 2488 1092 2575 negata
1109 2477 1275 2552 serentes

332 2697 389 2744 510.
417 2699 490 2745 Arida
511 2699 591 2745 Dauni
610 2715 676 2754 unu,
698 2701 797 2764 Apulia,
878 2702 936 2750 ott.
966 2701 1069 2766 Fugam
1091 2703 1189 2757 comit,
1212 2702 1303 2756 terruit,
1321 2709 1345 2748 ut

301 2784 416 2833 aquarum
442 2770 521 2836 inops:
551 2771 605 2820 hinc
625 2790 713 2833 pettper
734 2792 797 2837 aqua
847 2776 962 2837 lugerent.
991 2774 1072 2830 Movit,
1083 2775 1225 2822 conterruit.

302 2843 401 2890 Daunus
417 2844 502 2892 Horat.
516 2845 563 2892 111.
574 2846 624 2895 Od.
638 2863 692 2894 xxx.
706 2847 751 2894 ll:
773 2858 797 2896 et
880 2848 937 2895 520.
954 2847 1023 2894 Motis
1035 2846 1152 2909 studim]
1172 2846 1285 2895 Heinsius
1297 2862 1344 2895 stre·

301 2916 362 2963 male
381 2917 425 2964 boc
442 2917 493 2965 loco
510 2921 585 2965 ardua
603 2920 684 2966 Dauni
700 2937 756 2968 erce
773 2922 797 2969 in
847 2920 888 2969 det
906 2926 970 2969 motis
986 2922 1098 2975 morsibus,
1118 2920 1177 2984 quia
1196 2921 1285 2985 ubique
1303 2922 1345 2970 sete

299 2995 354 3036 octo
364 2991 435 3038 MSS.
847 3012 933 3043 movere
948 3003 989 3043 aut
998 2998 1092 3057 jactare
1107 3010 1200 3048 mutae,
1214 2997 1305 3043 Melie
1319 2995 1345 3042 de

333 3063 390 3109 512.
410 3064 508 3120 OEniries,
520 3065 650 3113 Diomedes
661 3066 691 3113 ab
701 3082 745 3114 avo
755 3069 797 3116 OE·
848 3069 981 3123 saltatione,
999 3067 1023 3115 in
1040 3083 1089 3131 qua
1108 3083 1225 3115 manuam
1238 3071 1312 3133 magia
1324 3078 1345 3116 et

301 3150 352 3191 neo,
364 3136 459 3184 AEtoliae
471 3139 610 3202 rege‚cujus
620 3140 675 3187 urbs
687 3140 799 3202 Calydon,
849 3142 998 3190 brachiorum
1012 3149 1093 3206 gestus
1104 3144 1271 3206 spectabatur,
1281 3153 1345 3204 quan

301 3207 356 3257 binc
365 3210 462 3259 Daunia
471 3211 695 3267 etiam,novasedes
703 3213 799 3262 Diome·
848 3215 936 3279 pedum
948 3225 1032 3262 motus.
1057 3214 1122 3262 Vide
1134 3215 1224 3262 nubem
1235 3212 1346 3277 exemplo

301 3280 346 3336 dis,
361 3299 403 3346 per
421 3285 548 3348 Calydonio
568 3302 639 3351 regau
658 3287 800 3335 declaratur.
849 3303 901 3334 rum
913 3289 942 3335 ab
954 3287 1052 3335 Heinsio
1063 3286 1093 3334 ad
1106 3287 1216 3336 Remed.
1227 3287 1284 3335 Am.
1296 3288 1347 3334 3³4.

300 3354 346 3402 Pro
357 3356 472 3405 Pmceties
481 3359 605 3407 lttsslere
617 3375 698 3408 omnes
708 3360 801 3408 diversa
849 3360 1009 3408 collectorum.
1044 3359 1077 3406 At
1088 3359 1114 3406 b.
1126 3359 1144 3406 1.
1155 3360 1215 3423 quia
1226 3364 1289 3408 setta
1301 3362 1346 3407 ixi-

299 3426 427 3475 lectionum
445 3440 549 3479 monstra
565 3431 691 3492 exbibent;
707 3432 749 3481 sed
761 3448 800 3481 ve·
851 3444 912 3481 totus
927 3437 1010 3499 agresti
1026 3431 1080 3480 illos
1095 3441 1175 3480 motus
1187 3444 1267 3499 pastor
1281 3433 1347 3481 tradi-

301 3513 350 3546 tam
371 3501 499 3550 restituisse
520 3504 612 3552 videtur
633 3507 797 3554 Burmannus:
849 3514 895 3562 tur,
907 3516 931 3554 et
941 3508 1012 3554 MSS·
1023 3521 1104 3554 omnes
1113 3506 1139 3554 in
1153 3510 1250 3566 pedibus
1261 3507 1346 3570 conspi-

301 3585 386 3634 nempe
398 3573 499 3622 Dauniis
508 3576 579 3623 vicini
594 3577 695 3624 Peucetii
707 3587 730 3625 et
741 3578 799 3625 Mes·
848 3591 909 3636 rent,
921 3582 945 3629 id
962 3581 1047 3628 mutari
1063 3579 1152 3627 nolim:
1180 3581 1255 3631 etiem
1271 3584 1346 3643 pedum

300 3645 358 3703 sopit
365 3661 373 3700 ,·
386 3660 487 3707 namque
496 3648 580 3712 Iapyx,
589 3649 689 3695 Daunus
700 3659 724 3695 et
735 3652 797 3699 Peu-
847 3654 968 3717 eleganter
982 3653 1144 3719 ponendorum
1159 3668 1200 3701 ers
1215 3656 1261 3703 snit
1272 3658 1294 3702 io
1305 3654 1345 3702 stl-

301 3716 385 3772 cetius,
400 3719 518 3780 Lycaonis
533 3721 583 3776 filii,
600 3721 649 3768 has·
660 3736 712 3768 ores
728 3738 799 3771 occu·
848 3728 976 3777 tationibus
986 3737 1105 3785 veterum3
1122 3727 1248 3784 Horatius,
1259 3729 1294 3776 11.
1303 3727 1346 3776 Od.

300 3789 369 3853 passe
387 3790 511 3840 traduntur
529 3794 559 3840 ab
576 3794 667 3840 Anton.
684 3793 797 3852 Liberali,
849 3801 891 3848 xii.
902 3803 939 3849 17.
948 3804 1023 3856 Quam
1032 3801 1147 3864 msam
1155 3805 1237 3862 peden
1248 3803 1346 3851 dedecuit

301 3865 341 3914 ³1.
848 3876 930 3924 eloris.

333 3940 391 3988 515.
421 3939 517 3988 Lenibus
534 3944 608 4006 guttis
628 3945 754 3997 mosontio,
773 3941 797 3990 in
880 3949 1017 3997 527-565.
1035 3948 1110 3996 Neues
1127 3948 1229 4010 Eum]
1255 3950 1348 4012 Sumpta

301 4011 389 4075 quibus
398 4015 461 4068 leues,
468 4014 525 4062 roris
533 4014 610 4068 modo,
620 4024 693 4078 guttae
702 4014 732 4062 de
741 4031 798 4063 saxo
847 4020 927 4069 fabule
944 4037 957 4069 e
975 4021 1084 4084 Virgilio,
1095 4021 1163 4068 ἄζυξ
1172 4021 1209 4070 ix.
1225 4021 1269 4068 107
1286 4036 1329 4083 sqq
1339 4037 1345 4076 3

300 4084 428 4134 decidunt:
448 4088 675 4138 Fast.v.661.oiuo
691 4095 797 4138 rorantia
847 4094 909 4142 coni.
925 4113 948 4143 x.
959 4097 1015 4143 219.
1049 4093 1153 4142 Additur
1169 4094 1269 4143 Alcinoi
1286 4093 1348 4141 naris

299 4172 350 4206 mre
360 4170 438 4210 autre.
847 4167 872 4215 in
886 4183 969 4217 saxum
983 4177 1083 4218 mauu.
1118 4167 1238 4224 Fateatur,
1249 4169 1346 4218 reteren-
