2774 5004
354 330 826 402 ME'I'AMORPHOSEON
849 331 941 397 utu.
963 330 1033 398 IX.
1173 335 1219 400 76

165 509 347 585 Herculis
360 512 559 610 implerant
572 520 704 593 terras,
716 507 921 604 odiumque
938 531 1122 583 norcrcoe.
1146 513 1217 584 135

164 627 296 701 Victor
314 629 363 702 ab
381 628 557 702 OEchalia
575 625 715 700 Ccnaeo
733 647 841 697 sacra
859 626 1016 723 parabat

164 743 265 818 Vota
275 743 301 817 J
303 744 381 834 ovi;
402 769 521 844 quum
536 743 654 816 Fama
665 743 806 839 loquax
820 742 1015 840 praecessit
1028 742 1076 818 ad
1091 766 1214 830 aures,

164 860 360 959 Dejanira,
376 874 473 949 tuas,
493 884 579 959 quae
596 859 694 934 reris
713 858 852 933 addere
869 857 965 955 falsa

165 976 332 1066 Gaudet,
351 989 392 1052 ct
408 1002 430 1051 a
448 976 602 1051 minimo
620 999 689 1049 sua
705 998 774 1073 per
790 975 988 1050 mendacia
1004 975 1152 1063 crescit,

164 1092 532 1192 Amphitryoniaden
551 1090 652 1165 Ioles
671 1091 804 1164 ardore
819 1091 952 1165 teneri.
1147 1096 1219 1166 140

167 1209 303 1286 Credit
320 1235 470 1298 amans3
490 1209 715 1305 venerisque
733 1232 838 1281 novae
857 1208 1055 1306 perterrita
1070 1207 1171 1283 sama

165 1325 337 1402 Indulsit
354 1329 475 1427 primo
493 1323 670 1411 lacrimis,
689 1324 892 1421 flendoque
909 1323 1078 1399 dolorem

199 1587 256 1636 136.
279 1587 385 1636 &mn
404 1586 477 1637 tuisse
495 1587 594 1638 Euboea
613 1602 668 1654 pro-
720 1584 797 1640 Quum
809 1585 945 1644 leucate.
980 1584 1220 1654 Verimimaetpre·

165 1662 319 1719 montorium,
326 1663 409 1728 ibique
419 1663 473 1713 Joot
485 1664 564 1713 Correo
574 1663 667 1711 Hercu·
718 1662 784 1712 clara
795 1664 875 1711 Fama
892 1661 1029 1728 descriptio,
1041 1677 1146 1727 quacum
1162 1678 1220 1712 con·

165 1735 213 1784 lem
223 1736 374 1786 constituisse
384 1752 459 1793 aram,
471 1745 583 1786 onustam
593 1736 668 1785 Vcte-
719 1736 753 1786 ser
773 1736 814 1785 xii.
831 1737 936 1786 att-63.
971 1737 1095 1794 Processit,
1111 1736 1221 1788 celerita-

165 1827 218 1858 rum
235 1810 333 1860 traditio
348 1820 394 1860 est.
427 1812 512 1877 Neque
526 1810 552 1859 id
569 1811 668 1861 dubium
718 1820 766 1862 tem
779 1813 858 1861 rama
869 1812 988 1862 declarat:
1006 1812 1069 1861 malo
1084 1811 1221 1878 igiturqui-

165 1895 211 1942 est,
222 1885 313 1934 tactam
331 1902 383 1936 esse
399 1902 452 1936 cam
468 1902 526 1943 rem,
543 1896 669 1952 postquam
719 1886 784 1945 dam,
799 1890 911 1948 peruenit.
944 1886 997 1935 Liv.
1008 1885 1056 1935 xri.
1068 1887 1113 1936 ³2:
1135 1887 1218 1945 Fama,

166 1962 286 2025 Eurytum
296 1960 469 2018 debellaverat,
479 1961 576 2027 ejusque
587 1961 669 2009 urbem
719 1979 765 2024 quo
775 1964 863 2010 incerta
876 1963 903 2009 in
916 1963 991 2023 majus
1002 1977 1054 2009 uero
1061 1961 1127 2026 ferri
1135 1963 1217 2020 achat,

167 2036 297 2084 (Edatur.
330 2046 516 2103 expugnaverat.
566 2036 671 2100 Eurytus
718 2046 831 2098 precepta
851 2051 887 2084 res
906 2044 964 2083 erat.
1003 2034 1122 2084 Miuutiua
1139 2034 1219 2093 Felix,

167 2110 243 2167 enim,
263 2109 351 2160 nobilis
371 2110 513 2177 sagittarius,
530 2110 671 2176 promiserat
720 2110 809 2172 xxviii3
838 2110 917 2167 Fumo,
938 2127 987 2174 que
1007 2126 1092 2172 semper
1111 2113 1220 2172 inmuta

166 2200 192 2233 se
214 2185 290 2234 filiam
309 2201 378 2234 suam
396 2184 586 2234 formosissimam
606 2185 670 2235 Iolen
720 2189 843 2234 mendaciis
857 2186 940 2234 ulitur.
973 2183 1094 2233 Classicus
1103 2183 1221 2235 ueram

167 2260 190 2308 ei
208 2259 330 2318 daturum,
341 2259 383 2325 qui
401 2277 426 2309 se
441 2269 484 2309 aot
501 2260 562 2309 filios
577 2277 632 2310 suos
645 2261 670 2309 in
721 2260 787 2308 locus
797 2269 834 2308 est
848 2259 920 2309 etiam
937 2258 1001 2325 apud
1011 2257 1147 2324 Virgilium,
1159 2261 1219 2309 AEu.

166 2332 299 2398 sagittandi
317 2333 447 2383 certamine
462 2335 610 2400 superbsset;
627 2335 670 2384 sed
719 2334 753 2382 iv.
773 2336 818 2382 173
835 2349 890 2399 sqq.
925 2333 1019 2381 Guodat
1039 2331 1123 2381 melius
1144 2349 1218 2398 quam

168 2407 272 2456 Herculi
285 2407 368 2456 victori
384 2408 508 2473 praemium
523 2409 670 2474 propositum
720 2410 782 2457 solet.
805 2407 888 2456 Teucri
898 2422 978 2456 amore
988 2406 1219 2471 significationum-

167 2483 277 2547 negavit.
322 2484 346 2532 ls
365 2498 422 2547 ergo
446 2484 520 2532 iratus
541 2483 670 2548 aliquando
720 2498 792 2548 qoam
803 2481 959 2546 illaqueatum
975 2496 1062 2530 amore.
1094 2480 1134 2529 Sic
1147 2484 1220 2530 terant

167 2567 222 2623 post
242 2558 322 2615 rediit,
345 2559 514 2608 auxiliantrbus
534 2558 669 2610 Arcadibus
720 2560 805 2614 nulio,
816 2556 847 2604 V.
857 2554 928 2604 Trist.
940 2553 982 2603 xii.
992 2556 1016 2603 9.

168 2632 306 2682 OEcbaliam
328 2632 399 2698 cepit,
420 2633 537 2697 Eurytum
557 2640 583 2682 at
608 2634 690 2701 filios·
754 2633 809 2679 141.
830 2631 909 2678 Credit
923 2645 1010 2683 amous,
1027 2628 1086 2690 etc]
1103 2629 1139 2678 Ει
1156 2630 1220 2680 lama

169 2708 298 2763 interiecit,
309 2707 376 2757 Iolen
394 2716 474 2757 autem
492 2708 611 2773 captivam
627 2709 669 2755 ab·
719 2705 842 2773 perterrita
856 2704 936 2752 literas
949 2702 1021 2751 etium
1032 2701 1100 2750 dedit
1116 2702 1147 2751 ad
1158 2703 1220 2752 Her·

168 2783 258 2841 duxit3
286 2783 423 2848 Sophocles,
447 2782 534 2831 Tracb.
557 2782 613 2831 Act.
637 2783 669 2842 ii;
720 2781 807 2836 colem,
822 2793 883 2842 quas
900 2776 954 2825 vide
971 2774 1070 2823 Heroid.
1085 2775 1123 2825 ix:
1141 2794 1220 2828 amana

170 2857 338 2923 Apollodorus,
360 2858 424 2907 dicto
450 2858 510 2906 loco.
553 2858 671 2907 Homerus
720 2869 775 2902 cum
797 2851 891 2901 delectu
913 2866 955 2914 pro
974 2851 1080 2914 conjuge.
1114 2850 1219 2902 cauum

168 2932 313 2982 credebatur
339 2932 401 2982 banc
428 2932 552 2997 οἰχαλὶας
576 2934 671 2983 ἅλωσιν
721 2927 800 2976 reddit
810 2927 854 2975 hoc
864 2927 962 2974 verbum
972 2939 1016 2972 cur
1027 2923 1128 2975 sollicita
1138 2926 1219 2977 statim

170 3006 278 3055 carmine
293 3006 441 3067 celebrbsse;
458 3007 550 3063 Strabo,
565 3007 608 3055 lib.
623 3007 670 3056 xiv.
721 3001 847 3050 crediderit
856 3008 881 3050 ot
892 3008 1014 3064 tantopere
1029 2998 1138 3049 doluerit.
1171 3002 1220 3051 Do·

168 3097 193 3146 p.
205 3082 266 3130 612.
300 3083 390 3130 Verum
405 3081 430 3131 id
445 3081 566 3147 queritur,
577 3081 618 3129 ubi
631 3082 671 3129 OE·
722 3079 790 3124 larem
800 3075 1221 3142 uffotrflandomtsmaeturtm

169 3156 249 3203 chullo
267 3155 314 3203 sita
328 3153 407 3204 suerit.
439 3156 532 3211 Strabo,
546 3155 587 3203 lib.
605 3173 628 3203 ι.
647 3172 670 3220 p.
722 3151 824 3200 Schmrr
832 3150 907 3198 darell
916 3148 1035 3197 lbroeneu
1044 3148 1129 3212 Lust.”
1146 3145 1224 3200 Heln-⁰

170 3231 294 3279 “deam
312 3227 369 3278 lacit
384 3231 483 3279 Euboeu
501 3230 612 3279 Eretricus
628 3239 670 3278 ‘ur-
722 3227 771 3275 sius
781 3225 876 3274 volebat
892 3223 998 3288 defirdit5
1015 3222 1057 3271 sed
1073 3225 1135 3273 bene
1146 3225 1219 3291 diffu-

170 3305 236 3353 bem.
275 3303 416 3360 Pausanias,
435 3305 543 3353 Messeu.
567 3320 592 3368 p.
611 3307 672 3375 28³.
722 3304 766 3356 dit,
779 3300 871 3348 minuit.
905 3299 969 3346 Nam
977 3312 1032 3362 qum
1041 3297 1225 3363 diffunduntur,

168 3377 285 3435 ostendit,
296 3392 322 3426 se
334 3375 359 3425 iu
377 3377 423 3426 bac
441 3378 600 3426 controversia
617 3380 672 3444 plns
723 3375 747 3424 iu
758 3375 835 3423 varias
845 3381 924 3442 partes
933 3371 1072 3428 funduntur,
1083 3388 1113 3422 ea
1121 3389 1220 3427 evanes-

170 3451 320 3501 auctoritatis
346 3451 449 3523 tribuere
475 3452 610 3509 Messeniis,
631 3455 672 3520 qui
723 3459 788 3500 cunt.
821 3448 899 3497 Etiam
917 3446 1017 3496 Heroid.
1032 3446 1081 3496 viii.
1091 3449 1131 3498 61.
1139 3451 1222 3514 flendo

171 3529 219 3575 suis
234 3524 324 3574 finibus
338 3524 404 3575 illam
419 3526 510 3582 urbem,
520 3535 602 3592 postea
613 3529 672 3578 Car-
723 3526 853 3591 diffundere
870 3527 936 3571 tram.
971 3522 1061 3570 Deinde
1075 3522 1222 3588 pleonastice

172 3602 264 3650 nasium
279 3599 378 3657 dictum,
389 3599 520 3657 vindicent,
535 3610 559 3650 et
574 3619 599 3667 p.
616 3605 672 3654 36⁴2.
724 3600 839 3649 additum.
871 3597 911 3646 Sic
937 3599 1019 3646 deinde
1036 3607 1122 3659 porra,
1143 3603 1222 3665 itaque

172 3683 296 3733 memorat,
305 3675 387 3740 Euryti
398 3674 601 3726 ibioasaaervari.
622 3678 671 3728 Ho-
723 3684 817 3741 ergoet
836 3673 860 3722 id
879 3688 955 3737 genus
973 3671 1028 3720 alia.
1064 3673 1127 3726 Quid
1144 3687 1222 3728 autem

173 3766 251 3801 merus
267 3748 380 3814 denique,
392 3749 423 3799 Il.
436 3756 464 3799 Β.
475 3750 530 3799 760.
542 3766 595 3799 eam
609 3751 673 3802 inter
723 3749 821 3798 inservit
841 3745 989 3802 correctioni,
1011 3748 1068 3794 clocb
1088 3765 1133 3798 roos
1152 3755 1223 3801 melu

125 3843 130 3857 ·
160 3823 383 3874 v'l'lressaliaeurlras
393 3824 471 3874 refert.
508 3826 672 3876 VictorabOE-
723 3826 776 3874 icl!
792 3823 904 3873 Heinsius
917 3823 980 3871 bunc
997 3821 1075 3871 locum
1086 3824 1121 3872 ita
1137 3825 1222 3878 distin-

175 3903 261 3955 elalio,
282 3899 375 3948 scilicet
391 3899 497 3949 rediens:
523 3901 587 3966 apud
606 3903 672 3952 Ana·
723 3901 825 3966 guebat:
845 3917 900 3955 mor,
917 3901 998 3947 deiude
1013 3901 1069 3961 quid
1085 3909 1162 3948 uatem
1175 3904 1221 3964 sla·

172 3985 302 4031 creontem,
322 3974 370 4023 Od.
386 3975 435 4024 xlv.
453 3977 477 4025 a.
490 3977 558 4025 Mars
581 3976 673 4027 hastam
724 3976 789 4023 mos?
805 3973 953 4039 quiader'ude
963 3972 988 4020 in
1002 3972 1184 4036 interrogatione
1194 3976 1220 4025 id

173 4049 251 4096 vibrat
266 4046 293 4103 ὶξ
307 4043 419 4108 &braine
434 4049 515 4116 prelio
531 4051 623 4102 scilicet
637 4069 672 4103 re-
724 4049 788 4117 quod
813 4052 911 4098 tandem.
945 4048 1024 4095 Pelles
1045 4049 1153 4105 acuatu,
1173 4058 1221 4099 etc.

175 4132 277 4171 vertens.
313 4120 441 4189 Votaque
457 4125 672 4194 roverat,siJupi-
725 4126 777 4174 lloc
804 4124 919 4191 expressit
944 4124 1046 4177 Seneca,
1072 4121 1145 4198 llere.
1171 4124 1222 4174 OEt.

176 4194 264 4246 terabi
280 4196 672 4265 adessetiuexpuguaudaurbe.
727 4199 798 4249 1676.
