2774 5004
377 359 856 426 METAMORPHOSEON.

95 533 253 596 Extremo
269 555 328 597 rex
343 544 393 596 est
409 534 537 617 sopiens
552 531 663 596 Numa
679 532 949 619 Pythagorasque

137 635 269 710 Codice,
286 635 407 719 quique
422 634 485 699 fuit
499 634 635 699 Virbius
651 634 865 720 Hippolytus,

94 738 176 800 Cum
192 737 340 821 Cipoque
356 737 466 821 Tages
482 749 581 801 vates.
628 738 722 803 Deus
736 737 811 801 inde
827 736 963 801 salutem

138 839 207 902 Sub
225 850 375 923 serpente
389 838 493 902 latens
509 839 651 903 reddidit
666 850 703 903 ut
719 839 826 916 Latio,

95 939 220 1024 Magno
235 951 285 1004 est
299 942 331 1007 in
347 939 476 1026 populis
492 939 691 1024 Epidaurius
707 939 826 1024 hospes
842 940 976 1006 honore.

138 1043 191 1106 Fit
206 1044 325 1128 majus:
351 1044 444 1107 Deus
458 1053 507 1107 est
521 1042 629 1106 Julius
643 1045 725 1108 urbe
740 1065 798 1107 suo

98 1144 217 1223 Caesar,
233 1156 266 1208 at
280 1147 313 1208 in
329 1145 411 1209 coelo
426 1146 516 1209 sidus
530 1146 643 1221 micat;
667 1146 765 1230 inque
779 1144 890 1214 relicta

141 1246 311 1330 Augustus
326 1257 412 1309 terra
426 1257 556 1329 sceptra
569 1256 705 1330 paterna
720 1257 819 1311 tenet.

98 1451 167 1514 Tot
181 1472 233 1514 res
248 1462 312 1513 tam
327 1450 431 1512 varias
446 1449 550 1513 vinclo
565 1451 769 1535 conjunxerit
783 1473 848 1515 uno

143 1551 190 1615 Ut
206 1551 360 1635 Pelignus
376 1551 456 1627 olor,
472 1551 600 1634 quaeris,
616 1552 740 1617 anricel
763 1551 863 1636 legas.

99 1654 167 1719 Ista
182 1654 239 1715 viri
255 1654 301 1716 vis
317 1673 451 1735 arsque:
475 1652 633 1716 cadavera
647 1651 722 1715 nolo
737 1664 863 1736 poetas,

144 1755 381 1818 Grammaticus
396 1764 505 1837 partes
519 1776 593 1839 quae
608 1765 695 1818 secet
709 1756 742 1818 in
756 1755 900 1839 rapidas.

99 1856 166 1932 Tu,
182 1856 272 1920 dedit
287 1866 323 1919 ut
337 1877 419 1930 sese,
434 1866 538 1918 totum
553 1857 680 1942 accipe;
704 1876 765 1920 nec
779 1856 863 1921 male
878 1859 995 1924 rimans
1103 1904 1123 1922 ,.

143 1957 181 2021 ln
196 1957 329 2021 Nasone
344 1954 420 2019 mihi
435 1956 573 2039 quaerito
586 1955 772 2041 Virgilium.

99 2059 179 2128 Non
195 2080 259 2121 una
274 2068 323 2122 est
337 2058 435 2122 facies
452 2056 603 2122 Naturae:
631 2068 746 2134 mutat,
762 2070 796 2123 et
810 2060 909 2129 audet

145 2159 311 2244 Quidque,
327 2160 433 2224 necin
449 2158 541 2224 solita
556 2160 690 2224 vertitur
704 2181 808 2245 usque
822 2160 882 2228 vio.
