2774 5004
292 341 358 405 316
589 335 628 400 Ρ.
652 332 812 400 ovum
837 331 1051 399 ursoni-s

295 512 341 586 In
352 517 527 609 promptu
537 507 629 580 mihi
641 506 707 595 sit;
720 528 844 580 rerum
853 515 982 579 tamen
990 503 1261 579 ordineducur.
1272 510 1325 580 161

295 625 463 701 Praescia
478 623 624 698 venturi
642 621 815 719 genetrix
830 620 969 694 Nereia
984 619 1052 697 leti

298 739 521 814 Dissimulet
537 739 641 812 cultu
658 749 810 826 natum3
838 736 1042 834 deceperat
1057 758 1207 821 omnes,

296 854 342 928 In
360 855 499 952 quibus
516 852 687 950 Ajacem,
707 860 869 949 sumptae
885 849 1035 925 fallacia
1049 851 1183 924 vestis.

295 970 413 1043 Arme
429 992 500 1065 ego
516 967 700 1055 femineis,
719 967 885 1041 animum
902 974 1050 1039 motura
1065 965 1229 1053 virilem,
1276 971 1332 1041 rot

295 1083 490 1159 Mercibus
509 1084 670 1158 inserui:
698 1106 824 1180 neque
838 1082 962 1156 adhuc
979 1083 1195 1178 projecerat
1212 1081 1315 1155 heros

297 1200 496 1297 Virgineus
518 1199 683 1286 habitus,
706 1222 823 1296 quum
846 1220 1016 1297 parmam
1038 1197 1272 1294 hastamque
1290 1206 1334 1270 te

298 1325 322 1354 ‘⁴
335 1314 435 1389 Nate
443 1313 771 1401 Dea,”dixi,“tibi
779 1337 820 1387 se
828 1312 994 1412 peritura
1004 1322 1202 1386 reservant
1213 1311 1335 1408 [nenti

298 1431 505 1527 Pergama:
540 1428 635 1527 quid
661 1427 811 1502 dubitas
839 1428 1031 1524 ingentem
1047 1438 1231 1502 *evertere
1257 1425 1336 1500 Tro

297 1531 496 1643 Injeoique
510 1567 676 1630 manum,
687 1542 898 1639 sortemque
908 1541 957 1615 ad
967 1540 1077 1615 fortia
1087 1541 1190 1615 misi.
1207 1540 1338 1639 [jemt”

299 1658 402 1759 Ergo
417 1683 535 1758 opero
551 1659 663 1745 illius,
681 1682 768 1733 mea
784 1669 892 1731 sunt:
920 1682 991 1755 ego
1007 1656 1208 1755 Telephon
1226 1658 1326 1730 haste

300 1775 539 1871 Pugnantem
556 1773 705 1860 domui;
733 1773 874 1845 victum
891 1782 1140 1869 orantemque
1157 1769 1286 1846 refeci.

300 1888 413 1974 Quod
447 1889 588 1963 Thebae
622 1888 806 1973 cecidere,
841 1910 968 1961 meum
997 1895 1074 1960 est:
1112 1910 1176 1961 me
1205 1885 1339 1961 credite

453 2002 614 2088 Lesbon,
1278 2004 1340 2075 17³

301 2117 368 2191 Me
382 2116 575 2204 Tenedon,
592 2117 857 2216 Chrysenque,
869 2127 909 2190 et
920 2116 1072 2214 Cyllau,
1086 2117 1277 2216 Apollinis
1286 2139 1339 2190 ur·

302 2231 354 2305 Et
372 2232 498 2330 Syron
513 2233 682 2332 cepisse:
710 2257 797 2327 mea
812 2256 998 2308 concussa
1014 2242 1147 2330 putate
1249 2235 1338 2331 [bes

302 2347 554 2422 Procubuisse
571 2349 651 2422 solo
671 2347 854 2447 Lyrnesia
870 2347 1007 2421 moenio
1023 2347 1172 2421 dextra.

334 2530 390 2579 162.
409 2529 509 2578 emota
518 2527 689 2590 contortae]
710 2526 797 2576 Confer
846 2525 959 2574 brevitas.
993 2524 1043 2572 Tibi
1057 2541 1080 2573 se
1093 2533 1340 2596 reserventptnmqmm

301 2600 414 2667 Apollod.
423 2601 472 2652 111.
483 2600 533 2651 xiii.
543 2605 576 2661 ὓς
596 2600 686 2666 Hygia.
698 2599 746 2649 lab.
756 2602 797 2650 96.
846 2606 929 2664 sponte
939 2597 964 2646 id
972 2598 1071 2654 facient,
1078 2598 1145 2662 quod
1151 2597 1203 2647 isto
1213 2598 1342 2648 addebat.

301 2674 395 2724 Festive
408 2682 439 2740 et
456 2675 537 2740 jocose
556 2689 594 2724 res
616 2683 724 2723 usmetur
743 2673 798 2724 Art.
839 2672 1343 2741 ¹Burmsnnusiebulumiudeortsrnprtet.

301 2750 385 2798 Amet.
401 2747 418 2797 i.
431 2749 480 2799 689
494 2765 547 2813 sqq.
582 2748 681 2796 Prescr'a
696 2751 797 2804 uenturi,
846 2746 910 2812 quod
921 2747 1031 2796 Achilles
1044 2755 1095 2794 tum
1107 2744 1342 2811 dprs'yapocluerit3

302 2822 384 2878 futuri,
392 2823 440 2879 leti,
451 2837 537 2886 nempe
548 2820 630 2876 filium,
640 2819 798 2885 sied'l'rojam
849 2822 894 2872 lroc
911 2823 974 2872 enim
987 2823 1057 2871 moris
1072 2820 1144 2870 luisse
1161 2821 1227 2886 apud
1244 2823 1344 2876 Grecos,

303 2894 497 2960 proficisceretur,
509 2894 647 2960 periturum.
664 2895 800 2942 Dissimulet
849 2906 876 2946 ut
895 2898 984 2948 νεωστὶ
1004 2896 1178 2962 γεγαμηκότας
1200 2895 1344 2944 absolverent

303 2968 378 3023 cultu,
389 2967 476 3016 vestitu
487 2967 593 3032 virgineo
605 2974 694 3015 tectum
707 2967 732 3014 in
742 2967 800 3031 Scy·
850 2970 967 3019 militandi
978 2984 1085 3018 munere.
1102 2968 1190 3032 lugens
1200 2967 1344 3031 lbojuetim

303 3055 346 3088 ron
356 3039 458 3088 insulam
468 3039 532 3089 misit
548 3040 578 3088 ud
586 3039 752 3105 Lycomedem,
760 3039 801 3089 ubi
850 3058 899 3092 rer.
914 3045 970 3092 605.
982 3050 1007 3091 et
1022 3040 1086 3106 spud
1099 3039 1237 3104 Virgilium,
1249 3042 1305 3089 ΕΛ.
1313 3039 1345 3088 iii.

304 3112 559 3178 interrirginesletuit.
575 3113 710 3163 Secundum
721 3113 801 3164 Schol.
850 3117 909 3166 tet.
939 3116 1101 3166 Referendum
1116 3116 1145 3164 rh
1162 3118 1245 3179 ingens
1260 3115 1297 3164 rel
1317 3113 1345 3163 etl

303 3186 409 3243 Homeri,
420 3187 452 3236 ll.
469 3193 497 3238 Τ.
507 3190 564 3237 ³³2.
577 3188 684 3252 Ulysses,
698 3187 800 3236 Phoenix
850 3191 966 3238 ambitum
984 3188 1049 3237 urhis
1066 3188 1180 3251 (senece,
1194 3187 1283 3237 Troed.
1300 3189 1344 3237 22:

303 3272 329 3310 et
341 3261 429 3310 Nestor
441 3270 545 3310 oratores
559 3261 623 3310 missi
639 3269 694 3309 sunt
709 3260 740 3309 nd
754 3261 803 3324 Ly·
852 3263 925 3311 victor
946 3267 1032 3311 lentim
1054 3262 1125 3309 Ilium
1148 3260 1252 3308 Metitur
1271 3264 1346 3316 cedis.

305 3333 494 3389 comedem,nou
508 3342 588 3383 eutem
601 3335 669 3396 qius.
702 3333 802 3397 Ulysses
850 3354 878 3384 ac
894 3339 969 3385 decem
987 3338 1078 3383 tandem
1089 3333 1162 3398 fem
1183 3332 1286 3399 Ignoscet
1303 3352 1345 3382 ss·

305 3405 465 3456 investibulo
485 3408 549 3470 regio
565 3407 674 3472 deposuit
686 3406 802 3471 semineus
851 3409 908 3470 nie)
924 3409 961 3458 vel
979 3408 1011 3457 ed
1028 3406 1136 3471 glorium.
1163 3407 1234 3473 Virg.
1250 3409 1308 3457 AEn.
1322 3405 1347 3456 ii.

304 3495 394 3535 merces,
410 3479 567 3527 instrumenta
584 3479 690 3527 textoris.
723 3479 802 3529 Schol.
851 3484 907 3531 ³26.

304 3552 402 3600 Homer.
418 3551 559 3616 ἱστουργικὰ
573 3551 697 3615 ἐργαλεῖα.
730 3555 802 3601 Ama
886 3557 941 3603 171.
960 3555 1035 3617 Opera
1048 3555 1266 3619 iuteremerunt]
1283 3557 1347 3621 Ope·

304 3628 393 3674 immi
403 3623 553 3673 Schirechius
564 3623 677 3688 explicet,
689 3640 755 3675 erme
765 3626 801 3676 in·
850 3645 903 3677 rum
916 3627 1018 3677 Achillis
1034 3628 1165 3677 indiculum
1177 3630 1229 3694 jum
1242 3629 1284 3678 xii.
1303 3631 1347 3680 loo

307 3697 348 3747 dni
360 3697 444 3747 latenti
452 3697 553 3747 Achilli.
585 3698 669 3755 Immo,
680 3715 744 3749 erma
759 3701 801 3749 ed-
852 3718 905 3766 sqq.
916 3702 1050 3756 habuimus,
1062 3702 1102 3750 ubi
1113 3702 1169 3751 vide
1182 3712 1235 3752 not.
1269 3704 1345 3752 Etiam

306 3771 357 3820 didi
381 3771 433 3819 istis
458 3771 585 3822 mercibus.
628 3771 729 3822 Addunt
751 3773 802 3832 ulii,
850 3775 914 3840 apud
925 3778 956 3833 Q.
967 3776 1020 3824 Cel.
1029 3778 1077 3825 256
1087 3793 1140 3841 sqq.
1149 3777 1220 3826 deeo
1227 3777 1347 3841 glorietur,

307 3845 416 3910 Ulyssem
437 3844 565 3894 tubicinem
583 3845 681 3911 jussisse
708 3862 802 3905 canere,
851 3848 1349 3914 quodAchillemadduxeret.Sedlongius

306 3934 470 3983 armorumque
485 3920 599 3984 crepitum
613 3919 673 3975 fieri,
686 3935 733 3984 quo
743 3928 802 3969 stre-
851 3923 1005 3987 progreditur,
1022 3933 1047 3971 et
1067 3923 1162 3988 singule
1183 3939 1279 3989 quoque
1298 3925 1349 3989 ejus

307 3994 357 4058 pitu
378 4001 521 4042 commotum
546 3993 666 4043 Achillem
692 3994 803 4058 clypeum
850 4012 921 4060 opera
940 3997 985 4044 sibi
1012 3996 1124 4053 vindicat,
1148 3997 1349 4062 quemadmodum

307 4067 447 4130 hastamque
456 4067 590 4131 arripuisse.
622 4067 668 4114 Sed
679 4068 704 4114 in
715 4066 802 4123 vertis,
850 4085 900 4118 ver.
911 4071 960 4118 2³6
973 4086 1028 4134 sqq.
1044 4078 1135 4134 partem
1148 4070 1209 4121 eden
1223 4087 1302 4120 rerum
1318 4071 1350 4120 eb

307 4159 377 4207 nque
387 4143 462 4191 adlice
470 4144 685 4204 prsy'ccerct-dtrr',
696 4140 754 4191 mire
764 4150 801 4190 est
849 4144 901 4207 ipsc
910 4143 988 4208 Ajucc
995 4152 1122 4208 gesturum.
