2774 5004
293 337 360 407 444
580 334 620 403 Ρ.
644 332 807 401 ovum
830 332 1044 403 NASONIS

292 510 490 583 Alternare
506 507 621 595 vices,
640 520 681 585 et
697 530 784 606 quae
801 508 914 585 modo
931 505 1071 585 femina
1087 516 1196 604 tergo
1227 508 1333 602 [uem.

292 623 415 701 Posse
431 647 572 701 marem
585 634 658 709 est,
673 647 773 698 nuuc
788 647 873 697 esse
890 646 1031 701 murem
1049 623 1231 698 miremur
1243 622 1335 721 hyre-

293 737 339 815 ld
356 761 522 834 quoque,
542 737 646 835 quod
662 738 784 813 ventis
802 737 941 817 animal
958 737 1121 813 nutritur
1138 748 1181 811 et
1198 761 1299 821 euro,

291 852 471 931 Protinus
490 853 807 932 assimularemus
826 877 1077 951 quoscunque
1093 853 1257 927 colores.

292 967 405 1043 Victa
422 969 640 1048 racemifero
658 970 791 1068 lyncas
808 969 915 1049 dedit
933 969 1044 1045 ludio
1062 968 1243 1044 Baccho:

293 1083 327 1159 E
344 1085 495 1184 quibus,
515 1095 556 1161 ut
573 1096 794 1171 memorant,
813 1084 1002 1182 quidquid
1019 1084 1146 1168 vesica
1163 1081 1318 1170 remisit,

292 1198 460 1277 Vertitur
478 1201 517 1279 iu
534 1201 692 1299 lapides,
712 1211 752 1276 et
768 1202 942 1297 congelat
958 1201 1042 1275 uere
1059 1210 1178 1275 tecto.
1269 1203 1336 1272 415

293 1313 359 1396 Sic
377 1325 417 1391 et
433 1317 628 1403 curulium,
647 1340 724 1413 quo
742 1316 903 1414 primum
920 1315 1080 1411 contigit
1095 1339 1212 1390 auras

291 1427 491 1528 Tempore,
510 1431 698 1509 durescit:
727 1433 850 1507 mollis
867 1430 938 1506 fuit
954 1432 1073 1508 herba
1088 1433 1161 1514 sub
1181 1431 1305 1507 undis.

293 1543 457 1620 Deseret
472 1558 560 1623 aute
577 1547 673 1634 dies,
692 1546 787 1623 etin
805 1548 882 1621 ulto
900 1546 1070 1622 Phoebus
1088 1547 1249 1629 anhelos

292 1659 458 1760 AEquore
474 1662 596 1757 tinget
613 1685 744 1760 equos,
758 1674 874 1761 quam
891 1684 1104 1759 consequar
1120 1662 1251 1736 omniu
1265 1661 1339 1736 dic-

292 1773 338 1848 In
357 1777 504 1875 species
522 1780 704 1852 translatu
722 1802 857 1852 novas:
888 1778 941 1852 sic
960 1790 1131 1877 tempore
1149 1778 1245 1852 verti
1264 1778 1337 1874 [tis,

293 1891 506 1981 Cernimus,
526 1904 641 1993 etque
659 1895 741 1968 illas
759 1917 951 1968 assumere
968 1894 1102 1968 robora
1119 1903 1277 1992 gentes;

292 2007 504 2083 Concidere
522 2011 613 2083 has:
637 2010 692 2084 sic
710 2034 847 2107 magna
862 2009 934 2084 fuit
950 2033 1145 2106 censuque
1162 2007 1339 2107 virisque,

291 2118 444 2220 Perque
457 2123 590 2197 decem
601 2125 725 2222 potuit
738 2135 885 2199 tanturn
898 2124 988 2198 dare
1002 2122 1197 2221 sauguinis
1211 2147 1338 2208 annos,

291 2234 328 2307 N
330 2259 404 2309 unc
421 2238 572 2311 humilis
590 2250 735 2313 veteres
753 2239 1015 2314 tautummodo
1032 2237 1147 2336 Troja
1162 2239 1304 2326 ruinas,

293 2347 344 2426 Et
361 2376 427 2450 pro
444 2352 585 2428 divitiis
602 2355 768 2428 tumulos
786 2354 952 2430 ostendit
969 2377 1135 2430 avorum.
1270 2357 1340 2427 425

291 2613 376 2667 turum,
384 2615 409 2656 et
418 2606 514 2657 alternis
524 2607 593 2656 tuuis
603 2624 686 2667 meres,
695 2611 792 2661 alternis
841 2609 994 2661 carbunculis
1017 2609 1106 2659 similes
1126 2618 1151 2658 et
1171 2609 1244 2674 igneo
1264 2611 1340 2673 colore

291 2681 391 2737 feminus
401 2681 551 2747 deripuere
562 2682 614 2732 sine
624 2698 697 2739 mure,
705 2683 792 2749 vulgus
841 2683 967 2748 fulgentes,
977 2683 1111 2748 lyncurium
1123 2692 1229 2733 vocem.

291 2755 394 2805 credit.’'
428 2755 790 2809 Cl.Aristot.Hist.Aniru.vi.
873 2759 931 2807 416.
949 2758 988 2806 De
999 2759 1088 2806 curado
1098 2755 1131 2806 cl.
1141 2756 1173 2805 iv.
1186 2758 1235 2806 743
1245 2773 1301 2822 sqq.

292 2829 341 2886 33;
360 2829 451 2878 AElium
463 2829 479 2879 i.
490 2833 531 2879 25.
873 2827 932 2881 413.
950 2833 1043 2881 Dussrst
1062 2843 1117 2881 eure
1135 2832 1208 2896 dise]
1237 2831 1342 2897 Vulgare

324 2904 381 2951 411.
393 2904 459 2958 Quod
469 2908 541 2954 ventis
550 2906 645 2962 animal,
653 2905 712 2968 etc]
726 2905 790 2956 chs-
841 2905 937 2955 luisset:
960 2904 1012 2955 dies
1036 2920 1074 2955 rue
1094 2905 1198 2964 deficiet,
1219 2906 1240 2954 si
1263 2906 1342 2955 omnis

291 2977 427 3035 malcomo
444 2994 532 3041 genere
550 2980 699 3036 lacertarum,
717 2997 790 3045 quum
840 2979 949 3045 pemqui
977 2979 1057 3033 velini.
1099 2981 1210 3028 Deserere
1236 2979 1271 3029 its
1296 2989 1341 3043 est,

291 3051 480 3117 plemmqueore
495 3062 575 3116 aperto
588 3052 791 3109 sedeonutrnus·
839 3052 911 3101 etium
933 3052 1019 3102 omisso
1038 3056 1076 3118 τῷ
1095 3070 1139 3111 sus,
1158 3053 1225 3118 apud
1247 3055 1343 3104 Sullust.

291 3140 333 3175 ces
349 3134 439 3190 captet,
451 3131 522 3176 ventis
533 3136 555 3174 er
564 3144 624 3175 euro
638 3131 726 3176 ursrrsiu‘
736 3145 789 3179 ere-
839 3126 897 3190 Jug.
907 3128 947 3175 ⁴2.
965 3128 1084 3190 comque,
1094 3126 1239 3192 exprimere,
1249 3137 1278 3177 ut
1287 3128 1340 3178 cie.

291 3199 355 3248 ditus
365 3206 409 3246 est.
428 3199 511 3248 Turtu.
526 3200 588 3248 Plin.
601 3200 649 3249 viii.
661 3203 703 3249 33.
713 3204 791 3251 reddit
840 3200 928 3266 Philip.
939 3219 962 3250 v.
975 3203 1013 3250 13.
1024 3203 1095 3251 usrdr's
1107 3204 1186 3250 leudes
1195 3207 1310 3265 consequi.

290 3288 376 3335 numer
385 3288 538 3336 quemcunque
548 3273 679 3338 (colorem)
691 3279 790 3334 prosim
872 3277 929 3324 421.
941 3276 1026 3325 Gentes
1043 3287 1178 3337 seruetur,
1191 3276 1287 3327 fortune
1304 3293 1341 3325 es·

291 3350 488 3411 “tingitanam
504 3351 599 3399 usdrusu
615 3352 790 3412 candidumque.
839 3363 891 3396 rum
916 3358 1029 3399 mutetur.
1073 3350 1183 3407 (Ionum,
1206 3360 1294 3412 tenpus
1317 3359 1341 3399 et

291 3420 332 3471 Cf.
353 3420 467 3482 Antiqua.
488 3424 529 3469 33.
567 3422 605 3470 De
627 3437 701 3472 causa
722 3422 791 3487 liujus
840 3431 939 3483 tempora
954 3422 1085 3485 eleganter,
1104 3437 1168 3487 sepe
1185 3423 1259 3472 etium
1278 3423 1340 3488 apud

290 3494 428 3545 mutationis
438 3493 561 3559 disputent
572 3495 641 3543 liodie
653 3506 743 3546 nature
755 3498 790 3546 in·
839 3495 962 3551 Nostrum,
973 3496 1003 3552 de
1018 3504 1082 3545 statu
1096 3512 1175 3545 rerum
1191 3497 1241 3546 dici
1252 3506 1277 3545 et
1287 3514 1341 3546 cou-

289 3567 424 3629 dugetores,
437 3583 496 3629 quos
507 3568 569 3617 vide.
839 3567 936 3624 ditione,
947 3578 972 3617 et
982 3567 1007 3617 iu
1018 3578 1144 3632 utrumque
1155 3579 1257 3634 purtem.

323 3641 379 3689 413.
397 3640 489 3701 Lyncus
505 3650 572 3689 terrae
590 3644 791 3706 septemtrionales
872 3644 928 3692 425.
945 3642 1071 3705 Tusculos]
1090 3643 1271 3693 Oxouiensiset
1283 3661 1342 3693 uuus

290 3716 367 3768 olunt.
383 3728 428 3761 nou
449 3713 529 3761 ludia.
563 3715 651 3763 Verum
671 3726 745 3780 poete
766 3729 791 3767 et
839 3715 937 3766 strom
955 3718 1040 3766 titulos.
1074 3717 1164 3766 Versus
1181 3717 1290 3783 quinque
1307 3736 1342 3768 se·

289 3789 392 3856 pictores
409 3787 500 3837 Bocchi
519 3788 597 3837 currui
612 3789 717 3853 jungunt
736 3807 790 3840 mox
839 3790 1342 3853 quentes,scil.l‘26-430.deleudoecen·

289 3865 372 3929 tigres,
390 3877 445 3912 mox
466 3861 602 3926 pantheras,
625 3878 678 3912 ruox
701 3863 791 3928 lyncas.
840 3863 999 3912 setlleiusius
1010 3863 1232 3923 tribusdelceusis:
1253 3864 1342 3930 l⁰quis

290 3937 430 4002 &cemifen
451 3936 574 3984 redimitus
595 3944 701 4001 tempore
724 3954 789 3987 ruce·
840 3935 893 3993 libri
910 3946 1001 3986 veteres
1017 3952 1047 3986 ex
1063 3936 1100 3983 his
1117 3936 1226 4001 quinque
1239 3939 1343 3986 versibus

213 4029 216 4034 ’
289 4013 345 4071 mis;
365 4012 428 4059 Fert.
440 4009 471 4057 vi.
483 4011 538 4058 483.
564 4010 602 4057 Dc
614 4010 681 4058 urina
693 4011 788 4075 lyncum
839 4010 909 4060 modo
928 4010 1002 4066 hune,
1021 4010 1092 4058 ruodo
1109 4009 1179 4058 illum
1202 4024 1250 4059 non
1268 4027 1341 4075 agno·

290 4085 371 4137 confer
392 4084 505 4140 Plinium,
524 4083 573 4134 viii.
592 4085 632 4133 38.
646 4086 686 4149 qui
708 4085 787 4140 madir,
838 4097 916 4134 scunt.
935 4086 963 4134 2⁰
983 4085 1047 4142 Quis
1064 4093 1137 4148 poete
1152 4084 1177 4134 id
1192 4086 1254 4150 agit.
1270 4096 1299 4137 ut
1311 4102 1341 4136 ex

290 4175 344 4209 eum
356 4157 453 4223 glscieri
468 4168 510 4209 unt
525 4173 630 4211 errsscere
642 4158 668 4208 in
681 4173 788 4223 gemmus
837 4155 911 4210 urinis
918 4158 994 4222 Trojsr
1005 4158 1109 4211 Rom
1119 4157 1341 4223 prodiissederuou·
