2774 5004
280 353 346 420 218
572 352 611 418 P.
636 350 797 416 OVIDH
822 350 1037 419 Nasum

286 525 448 623 Quoque
459 534 575 611 satus,
592 535 792 613 memorat;
813 534 961 599 tantum
972 512 1329 601 suacriminacciat.

286 639 657 740 Mentitusquefugae
669 664 836 727 causam,
849 641 945 739 petit
954 641 1060 726 urbe,
1073 641 1131 715 vel
1142 663 1236 737 agro
1264 644 1328 714 281

287 756 338 831 Se
351 758 480 854 juvet:
509 757 608 829 hunc
627 767 758 831 contra
775 756 924 854 placido
942 755 1167 831 Trachinius
1184 781 1252 833 ore

285 870 443 946 Talibus
477 872 702 971 alloquitur:
748 881 772 911 “
785 872 925 950 Mediae
956 896 1111 970 quoque
1139 871 1332 949 commoda

438 987 541 1086 plebi
1124 993 1126 997 '

289 1102 429 1177 Nostra
440 1114 585 1202 patent,
594 1102 816 1193 Peleu3nec
826 1103 1019 1202 inhospita
1028 1113 1331 1200 regnatenemus.
1381 1176 1383 1257 l

288 1218 433 1319 Adjicis
453 1219 540 1294 huic
559 1220 683 1297 animo
700 1230 891 1295 momenta
908 1219 1091 1318 potentia,
1110 1220 1261 1309 clarum

290 1333 453 1421 Nomen,
468 1358 655 1432 avumque
670 1334 692 1407 J
695 1359 803 1409 ovem
818 1361 826 1409 ε
857 1359 927 1409 nec
941 1346 1113 1435 tempora
1124 1336 1245 1434 perde
1259 1358 1332 1433 pre-

439 1451 585 1539 cand03
1225 1451 1334 1547 [deta
1368 1514 1372 1520 .

291 1565 403 1650 Quod
416 1567 527 1666 petis,
542 1590 654 1643 omne
668 1565 789 1656 feres3
818 1575 961 1664 tuaque
978 1567 1059 1641 haec
1079 1590 1146 1665 pro
1165 1576 1278 1665 parte
1289 1563 1334 1641 vi·

289 1682 579 1780 Qualiacunquc
595 1683 721 1757 vides:
750 1683 894 1759 utinam
913 1682 1069 1758 meliora
1082 1682 1233 1761 videres
1245 1683 1254 1755 l
1267 1681 1287 1709 '’

292 1795 344 1869 Et
360 1798 499 1871 flebat:
529 1807 679 1870 moveat
696 1821 780 1894 quae
798 1807 923 1870 tantos
938 1821 1054 1871 causa
1070 1798 1235 1885 dolores,
1269 1801 1335 1871 289
1380 1800 1383 1816 '

296 1912 511 2008 Peleusque
523 1911 756 2008 comitesque
766 1922 919 2008 rogant3
933 1913 1072 2010 quibus
1083 1913 1147 1986 ille
1157 1912 1337 2012 profatur:

296 2035 320 2065 “
331 2025 502 2100 Forsitan
513 2027 609 2100 hanc
623 2028 825 2113 volucrem,
837 2037 945 2126 rapto
955 2052 1041 2125 quae
1051 2027 1154 2114 vivit,
1167 2039 1339 2103 etomner

295 2268 366 2316 oebtt
382 2266 497 2325 Palladis,
509 2276 535 2316 et
549 2267 607 2317 2³7.
619 2265 733 2331 Praefms
747 2284 794 2315 ma·
845 2265 899 2314 loca
919 2262 1020 2313 laudant
1041 2263 1197 2329 Interpretes,
1215 2263 1241 2312 in
1262 2260 1342 2328 quibu

295 2343 363 2388 ω’ὸιιι
380 2343 448 2388 uittas
466 2357 493 2388 ac
508 2343 629 2401 pruentia
644 2342 728 2398 verbu
746 2338 794 2388 viii.
845 2339 949 2401 bospitio,
962 2347 1029 2394 tecto,
1042 2339 1130 2398 limine,
1145 2338 1205 2395 cibo,
1216 2340 1344 2400 aptium

299 2414 353 2462 116.
365 2413 472 2478 pacifere
485 2430 555 2461 manu
571 2430 660 2461 rantum
673 2415 796 2475 pratertdit
844 2413 945 2463 alterum
956 2411 1054 2462 dicitur.

296 2488 377 2545 olim
395 2487 796 2543 xi.101.oabrtraairotoe,oert-
878 2489 937 2535 283.
955 2486 993 2535 De
1013 2487 1087 2535 maala
1106 2485 1169 2546 plebe
1192 2485 1248 2535 side
1267 2485 1298 2534 ad
1312 2483 1343 2533 ir.

297 2577 377 2623 amque
394 2571 507 2626 rogantes.
538 2561 618 2610 Velare
639 2560 738 2611 verbum
758 2576 796 2610 ta-
847 2560 903 2608 ³60.
921 2558 1041 2608 Commoda
1052 2569 1139 2615 rutra
1149 2559 1343 2624 commodnqnn

297 2650 364 2683 crum
382 2644 408 2682 et
419 2634 516 2685 solenne
536 2634 568 2684 de
581 2634 675 2684 corallia
691 2643 716 2683 et
732 2634 798 2684 vittis
846 2632 913 2697 leges
923 2632 1003 2698 largiri
1014 2640 1120 2699 ponunt,
1132 2633 1252 2683 habitatio
1259 2633 1345 2682 iaarbc

299 2709 399 2758 frontem
411 2708 579 2764 ambientibus,
590 2709 731 2775 templorum
743 2725 797 2774 poa·
847 2707 948 2772 agrisve,
959 2707 1043 2764 tutela,
1053 2715 1101 2756 etc.
1125 2705 1242 2756 Similiter
1252 2708 1277 2757 h.
1287 2705 1345 2756 uin

300 2791 336 2832 tes
347 2782 506 2846 cingentibus,
519 2798 595 2832 ramos
608 2782 742 2848 supplicum
753 2784 796 2831 ob·
847 2780 991 2842 remilitari3
1003 2782 1056 2830 Art
1063 2782 1145 2830 Amat.
1154 2781 1172 2829 i.
1183 2783 1240 2832 131.
1256 2782 1345 2835 Pateat,

299 2857 455 2907 volventibus.
489 2858 529 2906 De
546 2857 637 2921 origine
654 2857 723 2921 hujus
740 2859 799 2907 ritus
848 2871 902 2921 qaae
914 2855 983 2903 facile
990 2855 1264 2920 impetranturamedit
1272 2856 1347 2921 plebe.

301 2931 407 2995 lleynius
425 2932 455 2979 ad
472 2932 539 2996 Virg.
552 2931 603 2980 viii.
624 2933 677 2981 latr.
695 2932 745 2980 hec
756 2933 797 2980 ob-
848 2927 895 2978 imo
910 2929 1006 2993 aregiia
1022 2929 1094 2990 viris;
1110 2945 1213 2994 quorum
1228 2930 1300 2996 copia
1313 2931 1346 2978 sa·

299 3012 386 3052 servat.
419 3005 469 3052 “A
484 3006 596 3069 religione
612 3005 683 3055 ritum
700 3005 798 3055 ductum
848 3003 901 3052 cilis
918 3011 969 3052 eat:
995 3003 1030 3051 sic
1051 3002 1162 3052 mulieres
1181 3013 1265 3064 putent
1285 3003 1347 3062 viris,

299 3094 350 3128 asse
361 3077 512 3129 manifestum
523 3079 549 3127 tit
560 3095 573 3126 e
584 3079 650 3128 vittis
664 3095 706 3128 seu
718 3079 799 3128 infulis
849 3077 917 3132 locus
925 3088 989 3140 patet
996 3076 1208 3143 proficiscentibus,
1221 3078 1263 3127 Dii
1272 3088 1348 3141 pateat

300 3154 383 3211 laneis.
404 3153 584 3204 absolventibus
601 3169 693 3202 ramum
710 3153 799 3218 oleagi-
850 3151 1011 3216 precantibus,
1022 3149 1236 3215 gloriapatatviris
1247 3151 1349 3200 fortibus

302 3230 451 3295 numenius
465 3245 522 3278 usus
538 3237 589 3278 erat
606 3242 660 3277 cunr
677 3226 702 3276 in
719 3226 800 3284 sacris,
882 3227 941 3274 285.
960 3225 1023 3274 Huic
1033 3224 1130 3287 auimo]
1166 3224 1195 3273 ln
1208 3224 1350 3275 hisvocibru

302 3309 352 3348 tum
380 3300 404 3349 in
431 3304 577 3359 lustratione,
605 3309 631 3350 et
658 3300 801 3366 expiatione.
850 3296 1163 3363 harenrinrerpretes,rine
1176 3313 1263 3349 causa.
1288 3300 1348 3348 Pre-

304 3374 420 3438 Arleoque
438 3375 467 3431 is,
485 3378 527 3439 qui
545 3376 695 3441 preferebat,
713 3374 800 3435 brivae,
851 3373 1031 3438 terquamquod
1045 3373 1143 3436 egabro
1153 3376 1241 3431 anino,
1251 3373 1351 3437 benigno

302 3448 403 3512 supplex
414 3449 498 3505 sactus,
510 3459 550 3497 aut
565 3449 654 3498 crimen
670 3449 765 3512 expiare
776 3464 801 3498 se
851 3446 943 3495 scilicet
958 3456 983 3495 et
1006 3445 1098 3495 liberali
1117 3462 1179 3504 sum,
1196 3455 1226 3496 tu
1243 3456 1351 3496 matr

303 3529 328 3568 et
343 3520 438 3586 culpam
455 3521 577 3586 deprecari
594 3521 656 3569 velle
673 3522 801 3582 symbolice
851 3525 960 3584 potentia,
967 3529 1082 3571 causaest
1089 3520 1352 3587 rationwavissims

303 3602 328 3641 et
347 3594 454 3657 religioee
473 3595 631 3658 significabat,
649 3604 691 3642 aut
711 3593 801 3658 simpli-
852 3611 1030 3646 commemoras.
1064 3597 1160 3644 cunam
1181 3613 1263 3645 nmen
1283 3604 1309 3651 ct
1324 3595 1352 3644 de

303 3666 362 3715 citer
377 3683 418 3732 per
433 3683 501 3716 sacra
516 3677 541 3717 et
555 3668 613 3716 deos
628 3683 653 3716 se
668 3667 801 3732 supplicare
852 3671 923 3721 rebus
938 3670 1010 3736 gestis
1024 3681 1048 3721 et
1062 3669 1193 3734 degenere
1208 3670 1286 3721 nobili
1299 3669 1352 3736 capi

304 3748 417 3788 testatum
427 3742 537 3791 iaciebat.
554 3740 802 3792 Hiacornninoioede-
853 3754 938 3810 potest.
962 3745 1096 3811 Oppoaitar
1106 3748 1213 3810 ignotum
1222 3762 1312 3802 marr.
1322 3745 1355 3797 ir.

303 3814 344 3871 ris,
358 3815 424 3879 pacis
441 3826 466 3864 et
480 3814 605 3879 legationis
620 3815 754 3880 symbolum
767 3824 804 3866 est
854 3819 910 3868 669.
929 3818 1020 3882 Tuoque
1029 3820 1083 3875 hec,
1091 3827 1138 3869 ate.
1147 3833 1232 3868 omnes
1242 3834 1280 3869 res
1290 3834 1356 3869 meas

305 3887 420 3937 factum.”
854 3902 932 3942 tecum
950 3892 1045 3957 partiar,
1057 3891 1172 3943 asciscam
1185 3902 1210 3942 te
1225 3893 1251 3943 in
1264 3901 1355 3958 partem

339 3964 397 4012 281.
419 3963 499 4029 Fuga,
516 3963 589 4011 exilii.
626 3962 685 4012 Urba
700 3965 734 4012 vel
749 3980 805 4027 agro
853 3965 933 4029 regni:
962 3967 1100 4031 neglexerat
1127 3976 1207 4015 autem
1230 3965 1297 4032 regni
1319 3963 1355 4016 sni

298 4040 378 4098 juvet,
392 4039 474 4086 urbem
487 4037 524 4086 vel
538 4052 621 4101 agrum
634 4035 678 4085 sibi
693 4035 804 4100 assignet,
853 4048 941 4089 statum
953 4040 1032 4089 dolore
1043 4038 1120 4089 fratris
1130 4039 1221 4089 amissi.

306 4111 348 4160 ubi
357 4127 413 4162 cum
420 4110 589 4163 armentisauis
597 4111 697 4160 habitet
709 4111 804 4160 lleroid.
885 4115 1105 4177 asumptoque
1126 4115 1193 4170 vivit,
1216 4113 1279 4177 etc]
1303 4113 1357 4167 crr-

306 4184 331 4235 ii.
342 4189 384 4236 ⁶6.
404 4187 497 4250 Tsjuor'
509 4196 622 4252 portaque
635 4187 730 4248 locoque.
765 4184 803 4234 lbi
854 4188 1012 4252 conloquitur
1021 4187 1167 4253 accipitrem,
1178 4186 1221 4238 sed
1236 4202 1286 4239 non
1298 4186 1359 4239 Μ’·
