2774 5004
466 308 505 373 P.
532 306 696 374 OVIDII
720 307 935 375 NASONIS

171 312 237 382 28⁰

171 487 302 561 Victor
340 484 388 558 ad
422 481 611 579 Evagrum
645 481 936 580 Corythumque
973 482 1219 580 Dryantaque

320 600 467 675 transit.
1150 602 1217 672 290

168 716 202 790 E
219 717 358 814 quibus
376 726 419 788 ut
435 714 558 813 prima
574 722 700 787 tectus
719 713 899 810 lanugine
918 713 1040 787 malas
1205 712 1208 721 '

172 828 382 907 Procubuit
399 830 612 929 Corythus:
636 837 660 866 “
680 829 805 903 Puero
823 853 907 926 quae
926 829 1046 925 gloria
1064 829 1145 904 fuso
1242 839 1244 853 '

170 950 286 1023 Parta
300 948 367 1021 tibi
380 959 439 1022 est
449 947 487 1020 l’'
516 945 683 1043 Evagros
697 946 771 1020 ait:
793 969 863 1019 nec
877 945 1004 1020 dicere
1016 945 1176 1019 Rhoetus

170 1063 289 1137 Plura
306 1063 395 1136 sinit
410 1090 418 1151 ;
449 1061 658 1158 rutilasque
675 1060 780 1135 ferox
798 1061 836 1133 in
854 1072 988 1159 aperta
1004 1062 1188 1160 loquentis

169 1179 351 1254 Condidit
366 1201 432 1251 ora
448 1176 527 1262 viri,
546 1200 691 1275 perque
709 1200 753 1249 os
770 1176 808 1249 in
826 1188 993 1274 pectora,
1008 1178 1185 1250 flammas.
1240 1232 1244 1255 .

167 1294 223 1369 Te
241 1319 408 1393 quoque,
428 1316 527 1367 soeve
545 1292 664 1390 Drya,
684 1293 826 1366 circum
843 1303 960 1390 eaput
976 1295 1065 1388 igne
1083 1304 1193 1367 rotato
1238 1258 1244 1369 l

167 1410 401 1508 Insequitur;
431 1410 499 1483 sed
518 1410 647 1483 nonin
666 1421 704 1483 te
722 1433 879 1506 quoque
897 1410 1073 1482 constitit
1089 1410 1181 1483 idem
1239 1398 1244 1527 j

166 1526 325 1601 Exitus:
354 1525 516 1599 assiduae
535 1548 714 1599 successu
732 1524 847 1598 credis
865 1534 1055 1612 ovantem,
1242 1540 1244 1547 '

169 1641 255 1726 Qua
266 1642 399 1738 juncta
417 1652 476 1714 est
493 1641 648 1715 humero
666 1641 806 1727 cervia,
827 1642 920 1714 sude
938 1641 1024 1736 figis
1040 1643 1183 1721 obusta.

168 1755 372 1853 Ingemuit,
392 1756 564 1853 duroque
583 1758 715 1831 sudem
733 1759 797 1831 vix
815 1782 901 1831 osse
919 1758 1068 1830 revellit
1143 1762 1205 1840 000

169 1869 344 1957 Rhoetus,
364 1871 501 1968 etipse
521 1895 589 1944 suo
608 1872 842 1945 madefactus
861 1872 1045 1969 sanguine
1063 1872 1166 1968 fugit.

167 1985 281 2081 Fugit
298 1996 337 2058 et
354 1985 515 2071 Orneiis,
538 1984 800 2084 Lycabasque,
820 1996 859 2061 et
877 1988 1028 2061 saucius
1048 2011 1149 2060 armo

167 2101 391 2174 Dexteriore
412 2100 567 2186 Medon,
587 2113 731 2176 etcum
751 2102 931 2177 Pisenore
950 2103 1161 2189 Thaumas,

168 2215 321 2314 Quique
339 2215 480 2313 pedum
499 2240 618 2314 nuper
635 2217 840 2292 certamine
858 2219 1000 2292 vicerat
1018 2241 1149 2292 omnes
1206 2317 1208 2321 ⁷

167 2329 389 2418 Mermeros,
402 2341 560 2428 accepto
578 2356 679 2405 nune
690 2335 844 2407 vulnere
862 2333 1006 2408 tardius
1023 2334 1125 2420 ibam
1142 2334 1206 2407 305

168 2445 220 2519 Et
229 2444 387 2533 Pholus,
398 2445 654 2533 etMelaneus,
663 2460 702 2521 et
715 2448 819 2521 Abas
833 2450 1207 2547 praedatoraprorum,

167 2560 320 2659 Quique
339 2563 416 2635 suis
435 2561 571 2636 frustra
590 2563 729 2637 bellum
747 2563 979 2639 dissuaserat
996 2589 1119 2661 augur

166 2675 342 2776 Astylos:
363 2677 424 2749 ille
436 2675 550 2751 etiam
562 2679 742 2752 metuenti
753 2681 908 2754 vulnera
922 2679 1061 2767 Nesso,
1097 2677 1210 2778 [cus.''

167 2799 191 2829 ‘⁴
208 2792 268 2866 Ne
283 2792 371 2889 fuge
386 2821 394 2880 ;
417 2792 465 2864 ad
485 2791 731 2893 Herculeos,'’
745 2795 881 2892 inquit,
898 2805 921 2834 “
935 2796 1146 2871 servaberis
1160 2819 1211 2869 ar·

198 3026 255 3074 290.
273 3026 351 3088 Dryas
366 3025 438 3074 etiam
455 3027 486 3075 ab
502 3027 606 3076 Homero
622 3044 652 3076 no
714 3028 833 3077 occurrit:
853 3026 896 3076 sed
911 3027 967 3076 vide
981 3027 1110 3076 Heinsinm
1122 3028 1154 3077 ad
1167 3027 1213 3076 lle·

165 3097 278 3156 minatur,
288 3099 329 3148 uhi
340 3107 377 3148 est
390 3101 484 3165 ποιμήν
500 3101 579 3154 λαῶν,
592 3109 617 3149 et
634 3103 665 3150 ab
715 3101 774 3150 roid.
792 3102 824 3150 vi.
844 3103 897 3150 104.
931 3102 960 3149 In
977 3101 1062 3165 Regiis
1080 3103 1166 3152 nostris
1180 3111 1213 3151 ot

165 3173 284 3222 Hesiodo:
299 3173 388 3222 fortiter
398 3182 489 3239 pugnat
500 3182 525 3222 et
540 3174 588 3222 hic.
615 3176 665 3222 Pu·
714 3178 811 3224 revellit.
846 3174 919 3239 Apud
934 3174 1071 3239 Virgilium,
1087 3177 1177 3242 Georg.
1190 3175 1215 3223 ii.

163 3262 209 3301 ero,
219 3257 266 3297 etc.
277 3249 358 3297 confer
370 3265 392 3296 v.
403 3249 435 3297 65
446 3264 482 3314 sq.
715 3250 771 3296 455.
784 3247 880 3296 libatur
896 3257 921 3296 et
934 3249 1020 3296 Pholus
1031 3248 1216 3308 interficientem

197 3320 255 3368 294.
267 3322 405 3384 loquentiu
420 3338 482 3371 unus
492 3321 618 3371 Mediceus
630 3324 663 3370 lo-

164 3396 251 3454 quenti.
283 3394 351 3443 Tunc
367 3396 440 3443 etiam
456 3395 585 3460 legendum
604 3395 663 3445 foret

164 3467 222 3512 uiro.
252 3467 352 3529 Ingenio
373 3484 451 3516 rursus
473 3469 591 3516 abutitur:
616 3485 665 3518 me·

164 3538 211 3586 lius
232 3538 354 3602 Virgilius,
376 3540 409 3588 ir.
432 3543 488 3589 442.
515 3541 556 3604 qui
578 3543 666 3591 Nostro

168 3611 269 3677 prreivit,
281 3614 500 3677 cnsemsulmineum
517 3614 604 3662 Rutuli
617 3617 665 3663 ela-

166 3690 249 3735 mantis
260 3689 285 3734 in
296 3705 334 3736 ors
346 3688 454 3736 Condidit
463 3691 563 3737 edunto.

199 3761 256 3811 297.
275 3761 391 3818 Constitit,
402 3761 465 3811 idem
476 3773 518 3811 aut
528 3763 611 3812 similis
621 3764 666 3814 luit

166 3833 197 3891 ci,
214 3836 256 3901 qni
269 3844 341 3885 antea
359 3837 443 3886 fueret.
476 3838 530 3887 Art.
551 3838 632 3888 Amat.
649 3840 667 3890 i.

169 3911 223 3959 120.
240 3911 348 3961 Constitit
363 3917 388 3960 in
403 3914 479 3968 nullo,
491 3913 588 3978 quisunt
602 3925 666 3972 onte,

167 3986 238 4034 color.

199 4060 258 4108 300.
276 4059 359 4108 &dem
377 4075 421 4107 osse
438 4061 543 4119 rancun,
566 4062 664 4126 quidam

166 4135 277 4182 roorrln't:
306 4150 360 4198 que
382 4132 483 4183 varietas
503 4135 551 4184 lere
576 4136 664 4202 ubique

714 3321 778 3386 apud
801 3322 915 3370 Nostrum
939 3321 1050 3386 lugiunt,
1078 3340 1137 3373 nam
1161 3322 1214 3373 ullu

715 3396 806 3445 vadare
817 3397 895 3445 solent
905 3406 990 3462 poete.
1011 3400 1098 3447 Annus
1109 3399 1215 3448 tribuitur

716 3469 845 3526 Centauro,
863 3470 920 3534 quia
941 3486 970 3518 ex
992 3481 1059 3535 parte
1081 3488 1161 3537 equus
1177 3480 1217 3520 est.

717 3544 845 3600 Proedotor,
852 3544 876 3592 id
886 3554 931 3600 est,
944 3556 1056 3606 venator;
1067 3548 1103 3594 sic
1113 3548 1217 3609 mederi,

715 3633 757 3680 pro
765 3618 855 3675 venari,
863 3629 1002 3684 usurpatur:
1015 3619 1109 3669 vidend
1118 3622 1154 3670 iii.
1161 3623 1216 3670 206.

746 3694 804 3741 308.
821 3694 912 3755 Aetolos
920 3694 950 3740 ah
961 3693 1077 3749 Hesiodo,
1086 3696 1156 3745 Scut.
1166 3710 1213 3745 rer.

720 3766 774 3814 105.
787 3765 1028 3830 νοοαῐιιτἊσβολος.
1054 3769 1123 3826 Quia
1132 3786 1214 3836 augur,

718 3851 843 3904 propterea
851 3841 963 3889 vaticinia
971 3841 1082 3905 quedam
1093 3844 1148 3907 ejus
1157 3860 1216 3893 com·

716 3915 868 3963 memoranda
887 3915 955 3964 duxit
976 3926 1056 3981 poeta.
1091 3918 1174 3967 Etiam
1194 3934 1216 3966 r.

720 3987 773 4036 146.
791 4006 869 4053 augur
887 3988 986 4053 quidem
1004 4007 1091 4055 pugnas
1113 3992 1216 4041 interest.

715 4060 754 4110 De
775 4062 845 4111 Nesso
859 4072 885 4112 et
903 4064 1018 4113 Herculeo
1035 4082 1094 4113 orco
1113 4066 1169 4116 vide
1185 4067 1217 4114 ix.
