2774 5004
344 332 812 399 METAMORPHOSEON
834 334 927 403 Lm.
950 330 1034 402 XV.
1151 339 1216 405 461

166 505 347 580 Membra
362 505 443 603 rapi
460 504 609 603 partim,
629 508 766 603 partim
783 530 962 605 reprensa
979 509 1155 607 relinqui,

169 621 272 699 Ossa
285 644 436 717 gravem
450 620 540 695 dare
554 618 673 694 fracta
685 646 833 707 sonum,
845 621 1060 722 fessamque
1073 627 1221 703 videres

170 735 352 811 Exhalari
370 736 544 822 animam,
563 737 764 834 nullasque
782 738 994 838 incorpore
1012 753 1152 839 partes,

169 852 207 927 N
209 875 340 926 oscere
354 874 450 947 quas
466 875 615 949 posses:
633 877 826 951 unumque
841 868 921 930 erat
932 858 1059 932 omnia
1068 859 1218 934 vulnus.

169 968 274 1042 Num
284 979 405 1066 potes,
420 977 486 1040 aut
498 968 616 1043 audes
627 969 726 1043 cladi
740 994 964 1068 componere
978 982 1127 1059 nostrae,
1145 978 1220 1048 530

168 1084 365 1183 Nympha,
384 1085 513 1159 tuam?
538 1084 614 1158 vidi
633 1109 786 1184 quoque
803 1087 887 1160 luce
905 1087 1074 1162 carentia
1090 1111 1218 1183 regna,

168 1199 220 1273 Et
235 1200 402 1275 lacerum
418 1199 491 1275 fovi
511 1200 828 1297 Phlegethontide
846 1226 982 1300 corpus
1000 1202 1038 1275 in
1058 1204 1180 1277 unda:

168 1316 265 1404 Nec,
285 1316 356 1390 nisi
373 1315 583 1416 Apollineae
600 1319 723 1392 valido
742 1319 989 1394 medicamine
1007 1318 1135 1415 prolis,

168 1431 337 1506 Reddita
349 1434 426 1507 vita
436 1432 548 1507 foret:
563 1457 677 1530 quam
692 1444 896 1532 postquam
908 1431 1066 1506 fortibus
1077 1430 1217 1520 herbis,

164 1547 295 1645 Atque
314 1572 386 1646 ope
404 1548 568 1633 Paeonia,
590 1547 680 1623 Dite
697 1549 930 1645 indignante,
950 1547 1089 1646 recepi,
1141 1549 1216 1621 535

164 1664 264 1738 Tum
282 1664 386 1750 mihi,
406 1688 453 1738 ne
471 1689 637 1762 praesens
656 1689 834 1761 augerem
852 1664 1016 1738 muneris
1034 1664 1146 1761 hujus

168 1778 366 1865 Invidiam,
384 1780 522 1854 densas
540 1780 682 1875 objecit
701 1779 867 1877 Cynthia
886 1778 1025 1853 nubes:

169 1893 300 1996 thue
317 1894 434 1969 sorem
453 1906 570 1983 tutuS,
590 1918 818 1993 possemque
837 1895 989 1992 impune
1006 1893 1136 1981 videri,

165 2009 327 2083 Addidit
344 2021 509 2096 aetatem,
528 2035 597 2084 nec
617 2010 881 2108 cognoscenda
898 2009 1051 2107 reliquit
1155 2069 1165 2079 .

167 2123 248 2200 Ora
264 2125 354 2201 mihi
371 2152 379 2200 :
402 2125 619 2224 Cretenque
634 2128 699 2200 diu
713 2127 898 2202 dubitavit
913 2126 1127 2201 habendam
1141 2128 1215 2200 540

166 2238 360 2327 Traderet,
380 2264 429 2313 an
448 2240 595 2316 Delon:
626 2240 736 2328 Delo,
757 2243 950 2339 Cretaque
969 2242 1109 2316 relictis

199 2536 258 2584 529.
279 2534 398 2598 Unumque
412 2538 663 2601 erotomuiooulmu]
714 2539 809 2604 Apollo,
821 2537 945 2586 medicinae
961 2537 1077 2585 inventor.
1112 2536 1215 2584 Diuin-

166 2607 248 2665 Silius,
259 2624 284 2658 x.
294 2611 350 2660 519.
360 2617 376 2638 “
385 2619 435 2658 toto
445 2626 540 2675 corpore
552 2612 665 2663 vulnus.”
715 2616 825 2678 dignante
839 2610 913 2660 minui
924 2610 970 2659 sibi
985 2609 1120 2674 imperium,
1133 2608 1215 2658 uiolari

165 2683 257 2730 Lucan.
266 2682 300 2730 ix.
309 2683 367 2730 ult.
379 2690 395 2711 ‘⁸
404 2683 492 2731 Omnia
500 2684 576 2749 plenis
587 2686 664 2733 Mem·
715 2685 781 2749 regni
793 2685 892 2739 foedera,
905 2699 978 2748 quum
996 2681 1026 2729 ad
1040 2682 1118 2729 lucem
1135 2689 1217 2730 contra

165 2756 208 2805 bra
221 2756 298 2806 fluunt
311 2757 394 2806 venis:
413 2767 489 2807 totum
504 2769 540 2807 est
555 2775 596 2823 pro
613 2761 665 2808 vul·

165 2846 221 2880 nere
231 2831 342 2895 corpus.”

198 2907 256 2954 532.
274 2905 305 2954 Et
316 2905 482 2969 ludevensem,
492 2906 553 2969 eto]
573 2907 603 2954 Et
614 2921 665 2955 cor·

165 2994 211 3043 pua
228 2978 344 3028 laniatum
362 2979 387 3028 in
408 2979 570 3029 ardentissima
594 2979 679 3035 Phle-¹

164 3052 285 3115 gethontie
294 3068 357 3117 aqna
367 3052 424 3100 lavi.
452 3053 537 3102 Favere
548 3053 665 3101 notionem

165 3126 238 3175 habet
248 3128 343 3175 omnino
354 3135 427 3190 grate
443 3126 577 3176 resectionis
589 3145 595 3184 ;
614 3126 664 3175 Pli-

164 3199 228 3256 nius,
239 3216 261 3248 v.
273 3201 318 3265 Ep.
330 3199 361 3248 vi.
371 3201 413 3248 10.
422 3202 526 3262 platonior
538 3202 665 3264 dirpergine

156 3275 233 3336 fouet.
266 3275 319 3321 Hoc
345 3273 397 3322 loco
419 3274 537 3323 abluendo
561 3274 665 3323 reficere.

163 3348 213 3396 Sed
220 3347 322 3397 Ovidius
333 3347 428 3411 ingenio
439 3350 527 3397 abusus
535 3357 581 3398 eet.
592 3351 664 3411 Apol·

163 3424 226 3470 linea
252 3423 335 3482 proles,
361 3421 515 3485 AEsoulapine
546 3420 665 3486 Apollinis

162 3493 236 3549 lilius,
251 3509 322 3558 quem
337 3494 367 3542 ob
383 3495 539 3560 Hippolytum
554 3494 578 3542 in
593 3494 665 3544 vium

162 3575 299 3616 revocatum
314 3566 412 3616 fulmine
424 3567 540 3632 percussit
554 3568 568 3617 J
572 3567 665 3632 upiter5

163 3640 219 3689 vide
230 3640 261 3688 ad
272 3640 296 3691 ii.
307 3642 365 3690 643.
399 3643 446 3704 Ope
458 3643 550 3689 Paeonia
560 3641 663 3706 simplic.

161 3730 209 3778 ope
229 3714 330 3771 medica,
348 3725 373 3764 ut
391 3715 515 3779 Virgilius,
536 3732 586 3764 ver.
609 3716 665 3765 769.

715 2759 751 2808 las
759 2757 969 2821 retraheretur‚qui
977 2757 1052 2820 Styga
1058 2755 1108 2819 jam
1115 2754 1214 2812 viderat,

715 2841 740 2881 et
751 2832 862 2897 paludem
879 2831 1024 2879 irremeabilis
1036 2831 1104 2877 unde
1115 2828 1214 2878 nannie-

715 2916 760 2957 rat.

748 2981 804 3029 5³6.
825 2980 927 3028 Prerrm
947 2978 972 3026 in
989 2975 1066 3036 coelo;
1087 2975 1214 3040 Virgiliur,

716 3060 731 3082 ‘⁶
743 3055 803 3102 'l'um
815 3060 881 3118 pater
891 3052 1046 3116 omnipotens,
1058 3049 1161 3113 aliquem
1175 3048 1213 3097 in·

715 3127 826 3191 dignatur
840 3128 870 3175 ab
881 3126 970 3175 umbris
979 3123 1106 3172 Mortalem
1118 3122 1217 3171 infernin

715 3202 746 3249 ad
757 3200 847 3248 lumina
857 3214 953 3262 surgere
963 3196 1044 3252 vitae,'’
1056 3207 1103 3245 etc.
1122 3194 1216 3244 Aricini

715 3275 850 3330 narrabant,
868 3271 1024 3337 Hippolytum
1042 3271 1067 3318 in
1089 3269 1162 3319 vitam
1178 3284 1216 3317 re·

715 3357 832 3401 vocatum,
844 3361 919 3409 quum
930 3346 1050 3408 ignoscere
1061 3341 1122 3408 patri
1133 3341 1216 3400 nollet,

714 3419 740 3468 in
756 3419 851 3467 ltaliam
867 3417 970 3473 uenisse,
981 3414 1063 3480 ibique
1079 3424 1216 3464 consecrato

714 3493 818 3542 Aricina
826 3493 912 3540 Dianre
920 3491 1008 3557 templo
1015 3491 1141 3554 reguiam
1152 3491 1215 3540 Pau·

713 3567 802 3624 sanias,
814 3566 921 3616 Corinth.
932 3583 957 3632 p.
970 3566 1024 3614 173.
1058 3564 1133 3629 Apud
1147 3564 1217 3615 Euri·

714 3641 805 3707 pidem,
826 3642 889 3688 1423
907 3657 962 3706 sqq.
979 3640 1060 3689 Diana
1077 3638 1216 3689 morientem

714 3715 849 3764 consolatur
859 3714 995 3770 honoribus,
1007 3729 1066 3778 quos
1077 3714 1138 3760 inter
1148 3712 1216 3760 Τια-

163 3789 665 3853 Paonramroa.Aliummyuumrecutm
715 3789 793 3838 renim
818 3799 987 3837 consecuturus
1014 3787 1054 3834 sit.
1095 3785 1215 3847 Cynthio,·

162 3871 201 3913 eat
216 3863 337 3920 Horatius,
352 3864 398 3912 IV.
409 3864 457 3913 Od.
467 3864 509 3912 vii.
521 3865 562 3912 25.
575 3878 605 3911 ex
617 3879 665 3927 quo
714 3863 804 3919 Diona,
815 3871 842 3911 ut
854 3862 941 3927 Apollo
957 3861 1082 3924 Cynthius,
1094 3874 1109 3905 a
1119 3857 1216 3920 Cyntho

162 3936 278 4003 pudicum
286 3938 399 4002 juvenem
411 3938 496 3985 frustra
506 3935 531 3986 in
541 3935 614 3986 vitam
626 3952 663 3986 re·
715 3946 795 3984 monte
805 3935 871 3991 Deli,
882 3936 922 3983 ubi
932 3934 981 3982 nati
990 3943 1053 3982 eunt.

165 4024 250 4058 vocare
264 4019 351 4059 conata
365 4020 401 4059 est
416 4010 505 4059 Diana.
540 4010 666 4058 Peenno·
747 4010 803 4058 539.
821 4010 919 4056 Addidit
928 4015 1031 4062 etatem
1048 4019 1086 4052 me
1098 4012 1214 4051 natuma·

164 4100 219 4132 men
237 4084 324 4133 medici
346 4084 410 4149 apud
430 4084 568 4140 llomerum,
585 4099 600 4131 a
618 4099 666 4148 quo
712 4083 788 4147 jorem
805 4081 872 4137 lecit,
892 4096 964 4145 qnam
985 4093 1070 4135 essem,
1091 4092 1164 4140 quum
1183 4076 1214 4125 ab

163 4166 261 4208 curatur
271 4158 359 4208 Pluto:
377 4157 435 4223 quin
446 4166 472 4208 et
485 4158 558 4206 Peren
569 4167 666 4207 vocatur
715 4156 784 4219 equis
792 4155 825 4203 lui
834 4154 984 4203 dilaceratur
