2774 5004
198 322 265 392 288
483 327 522 392 Ρ.
547 327 700 393 OVlDll
725 326 936 393 NASONrs

199 495 393 572 Intrr'trunt
410 500 560 597 pariter,
580 500 719 598 pariter
735 499 815 573 lere
830 499 932 574 bella
948 498 1156 595 gerebant:

163 678 185 709 ‚
198 609 342 685 Auctor
358 613 397 686 in
415 613 558 688 incerto
574 625 654 688 est:
679 614 848 710 jaculum
866 614 915 688 de
932 624 1040 712 parte
1059 613 1212 686 sinistra

199 727 325 814 Venit,
337 741 377 804 et
389 730 556 817 inferius,
569 755 683 828 quam
698 731 795 804 collo
808 742 964 828 pectora
979 729 1159 812 subsunt,
1177 731 1242 799 420

200 842 366 941 Cyllare,
386 856 423 920 te
441 848 545 922 fixit:
575 872 688 945 parvo
705 871 771 922 cor
787 848 941 921 vulnere
958 847 1095 919 laesum

199 958 368 1058 Corpore
385 986 471 1037 cum
491 974 569 1036 toto
588 974 674 1061 post
692 963 769 1037 tela
785 963 921 1036 eductu
937 959 1101 1035 refrixit.

199 1072 380 1151 Protinus
400 1077 613 1175 Hylonome
631 1080 833 1152 morientes
851 1077 995 1175 excipit
1013 1087 1143 1162 artus;

200 1187 460 1290 Impositaque
478 1219 592 1269 manu
608 1196 742 1268 vulnus
760 1194 881 1280 lovet3
910 1215 1053 1288 oraque
1072 1192 1123 1264 ad
1141 1214 1203 1263 ora

200 1304 400 1395 Admovet,
420 1321 534 1407 atque
552 1309 686 1385 animae
703 1309 860 1405 fugienti
878 1308 1065 1380 obsistere
1083 1318 1210 1379 tentat.

167 1470 171 1483 .
204 1418 259 1495 Ut
275 1423 378 1496 videt
394 1424 620 1511 extinctum,
639 1424 764 1508 dictis,
785 1447 870 1520 quae
887 1424 1029 1496 clamor
1047 1423 1097 1495 ad
1116 1444 1218 1494 aures

200 1534 336 1612 Arcuit
353 1539 406 1614 ire
424 1565 541 1626 meas,
560 1542 648 1626 telo,
667 1540 769 1638 quod
788 1539 989 1612 inhaeserat
1007 1537 1075 1623 illi,
1175 1538 1233 1608 421

203 1648 398 1744 Incubuit3
412 1657 650 1753 moriensque
661 1679 770 1728 suum
780 1654 979 1752 complexa
989 1652 1167 1725 maritum
1177 1660 1234 1724 est.

202 1766 305 1842 Ante
323 1773 451 1846 oculos
469 1784 545 1847 stat
562 1784 601 1846 et
617 1772 680 1845 ille
698 1795 814 1858 meos,
834 1768 900 1867 qui
919 1792 1011 1842 sena
1027 1768 1179 1841 leonum

202 1879 387 1958 Vinxerat
403 1887 498 1961 inter
516 1912 558 1961 se
575 1887 757 1962 connexis
773 1887 910 1961 vellera
927 1883 1048 1968 nodis,
1135 1883 1232 1978 [quez

204 1993 461 2088 Phaeocomes‚
472 2002 738 2099 hominemque
755 2001 865 2075 simul
880 2009 1074 2098 protectus
1093 2018 1233 2093 equum·

197 2104 349 2188 ‘Codice
366 2116 433 2214 qui
450 2116 578 2203 misso,
597 2142 711 2215 quem
729 2119 791 2193 rix
806 2121 900 2215 juga
917 2115 1007 2188 bina
1024 2123 1210 2186 moverent

203 2221 229 2295 J
232 2240 357 2315 uncta,
374 2229 658 2306 Phonoleniden
677 2258 701 2307 a
718 2257 865 2306 summo
882 2230 1021 2305 vertice
1039 2228 1164 2324 fregit.
1175 2228 1235 2298 433

206 2337 341 2418 Fracta
358 2345 571 2422 volubilitas
588 2348 723 2446 capitis
740 2346 943 2433 latissima3
973 2366 1119 2442 perque
1137 2366 1191 2426 os,

203 2605 299 2660 boribus
309 2617 409 2668 tectum
420 2627 468 2676 quo
478 2611 577 2662 Pirithoi
588 2613 701 2680 anitht-
752 2613 825 2662 nodos
849 2612 921 2678 ipeoo.
954 2610 1032 2658 Immo
1059 2607 1116 2656 nodi
1141 2605 1239 2654 dicuntur

204 2697 255 2732 mm
266 2684 328 2748 regis
338 2687 426 2752 nuptire
437 2688 638 2746 rnutcelebrntn3
647 2687 701 2737 vide
752 2690 864 2744 convecti,
876 2695 900 2735 et
918 2700 993 2750 quum
1010 2682 1143 2739 solvuntur,
1156 2682 1238 2734 didam

203 2774 275 2823 enprt
288 2761 344 2810 212.
377 2763 473 2818 dicotur,
490 2764 530 2827 qni
547 2763 620 2812 mittit
632 2764 701 2828 jncu·
752 2761 777 2809 ii.
788 2762 844 2810 560.

205 2831 264 2888 lnru.
276 2844 303 2883 ut
314 2850 384 2900 supra
394 2834 444 2884 viii.
452 2836 509 2884 349.
785 2836 841 2883 433.
863 2833 885 2879 Δ
904 2832 997 2886 vertice,
1014 2828 1125 2893 desuper.
1143 2836 1170 2875 ut
1188 2823 1241 2892 apud

239 2909 297 2956 423.
317 2908 429 2972 Excipit]
452 2910 525 2958 Dicto
535 2908 587 2958 hec
597 2924 626 2959 ex
638 2926 702 2959 more
752 2907 889 2972 Virgilium,
899 2906 989 2968 Georg.
1001 2901 1027 2949 ii.
1036 2903 1094 2951 310.
1117 2902 1241 2948 Phonoleni-

207 2979 377 3037 Romrnorum,
397 2982 440 3047 qui
463 2983 551 3031 nmieot
578 2984 702 3031 morientes
752 2983 812 3038 dem
831 2978 945 3029 Heinsius
960 2976 1044 3025 metuit
1061 2991 1091 3023 ne
1108 2974 1154 3024 hoc
1170 2975 1243 3023 vocrlt

206 3053 319 3120 amplecti
334 3055 441 3104 solebant
460 3065 531 3120 ttque
550 3057 659 3113 osculari,
676 3066 703 3105 ut
752 3061 887 3118 corruptum
902 3050 942 3105 cit,
954 3066 1008 3099 nam
1020 3049 1044 3097 in
1056 3050 1128 3097 MSS.
1139 3065 1203 3097 men
1212 3047 1243 3095 lit

205 3139 336 3178 extremum
346 3145 426 3179 eorum
435 3130 534 3179 halitum
543 3131 587 3178 sibi
595 3131 704 3195 excipere
753 3127 881 3176 lectionum
892 3137 996 3173 monstrt
1008 3132 1135 3188 apparent.

206 3201 296 3251 liceret.
329 3203 703 3269 Animaperooexirecredebr·
786 3203 845 3249 434.
872 3200 1005 3247 Volubilitur
1029 3201 1121 3259 capitis,
1144 3196 1244 3249 volubile.

207 3284 253 3331 tur,
264 3293 363 3342 eumque
376 3278 399 3326 in
410 3278 485 3342 primo
497 3293 535 3325 ore
547 3285 625 3325 tenere
636 3276 705 3324 mori·
754 3274 834 3338 idque,
846 3282 939 3339 propter
954 3270 1145 3334 magnitudinem
1162 3271 1244 3318 Pnono

207 3358 274 3397 entes
288 3350 441 3410 dicebantur;
459 3351 539 3400 confer
556 3369 578 3399 x.
593 3353 638 3399 136
652 3367 706 3415 sqq.
754 3348 849 3404 lenidre,
869 3350 1009 3401 latissimum,
1027 3354 1068 3393 rut
1086 3346 1196 3392 latissima
1213 3357 1246 3408 pro

209 3421 250 3468 ubi
261 3422 350 3471 eaedem
361 3440 433 3481 curn,
443 3424 505 3473 idem
516 3424 627 3472 officium.
755 3421 876 3476 latissime,
895 3421 979 3468 vulnus
994 3417 1137 3466 latissimum
1156 3417 1245 3466 fectum.

242 3496 298 3541 427.
317 3495 369 3542 Telo
378 3501 436 3559 quod
446 3498 573 3551 urlwnt,
583 3496 642 3558 ete]
660 3497 705 3544 Te·
755 3494 856 3544 Lenziur
880 3493 957 3541 fratris
978 3491 1015 3540 rui
1039 3490 1247 3556 interpretationem

209 3566 242 3620 lo,
260 3567 323 3630 quod
341 3568 376 3616 illi
394 3568 490 3632 Cylltro
507 3569 582 3616 luerat
599 3567 706 3625 infixum,
754 3570 855 3633 probnt;
874 3568 942 3630 fregit
956 3576 1038 3629 caput,
1050 3574 1076 3613 ut
1090 3566 1157 3614 fieret
1169 3565 1246 3631 plenis

208 3642 355 3697 incumbens,
364 3658 390 3690 oe
401 3641 525 3690 transfixit.
754 3643 848 3690 simum.
882 3641 994 3704 Quinque
1006 3639 1030 3687 lri
1044 3654 1134 3695 versus,
1145 3656 1160 3688 4
1173 3639 1248 3686 Fracta

243 3716 298 3762 429.
320 3716 395 3772 Serum
415 3715 485 3779 vulgo
501 3731 575 3772 raeuo3
595 3715 636 3764 sed
653 3733 706 3764 reno
756 3719 894 3768 volubilitas,
905 3714 935 3762 ed
944 3717 985 3761 Art
995 3731 1044 3777 ego,
1054 3715 1142 3760 absunt
1153 3729 1168 3761 4
1179 3721 1249 3760 nostro

210 3789 320 3838 convenit
330 3789 488 3854 magnitudini
499 3789 621 3838 Centauri.
647 3792 707 3839 Corr-
755 3785 1122 3853 codiceRegioA.etinoodice
1131 3784 1249 3834 B.nbnlir

211 3867 272 3911 nens
282 3866 362 3913 neniis:
377 3863 531 3919 Florentium,
542 3864 706 3912 Gronovianur
755 3879 827 3912 uranu
839 3863 864 3911 in
878 3862 983 3925 margine
998 3859 1093 3908 luerunt
1107 3859 1248 3923 posteoriptit

210 3938 300 4003 primur
313 3946 337 3986 et
353 3935 393 3985 ulii
408 3939 513 3993 collectis,
524 3938 587 4002 quod
602 3939 707 4002 impense
756 3938 798 3985 hos
809 3938 907 3985 libenter
916 3935 1007 4001 spurios
1017 3933 1197 3986 crediderimus.
1206 3943 1249 3980 run

210 4012 301 4078 placuit
315 4010 421 4067 Heinsio.
433 4027 478 4059 non
492 4012 548 4060 item
561 4012 706 4067 Burmanno,
756 4009 924 4076 propterquod
935 4025 975 4057 eos
985 4023 1031 4055 non
1043 4007 1131 4055 lrabeat
1142 4007 1216 4055 codex
1224 4005 1250 4051 ,1.

212 4085 253 4149 qui
268 4095 345 4134 monet
360 4087 438 4150 colligi
452 4095 514 4134 recte
530 4085 607 4133 crines
621 4094 645 4133 et
659 4085 707 4133 alie
756 4087 867 4150 optimus.
876 4095 925 4132 tum
936 4093 1029 4148 propter
1038 4082 1153 4129 insulsam
1164 4091 1187 4129 et
1196 4079 1250 4128 Ori·

210 4159 258 4208 dici
272 4168 298 4208 ut
312 4159 374 4209 nodo
389 4159 554 4216 cohibeantur.
567 4175 612 4207 non
627 4167 706 4208 autern
756 4159 796 4208 dio
806 4175 874 4224 pene
885 4158 1005 4220 indignam
1016 4154 1209 4220 descriptionem.
1244 4148 1246 4155 '
