2774 5004
137 310 161 374 8
432 303 472 368 Ρ.
497 300 659 371 ovlnn
683 300 897 368 NASONIS

136 478 276 567 lntrat3
306 486 358 562 et,
377 477 452 552 heu
469 475 636 551 facinus!
664 475 768 550 fatali
785 486 875 551 nata
890 486 1088 576 parentem
1139 479 1183 549 85

138 595 254 670 Crine
272 617 383 668 suum
402 592 558 691 spoliat;
587 592 793 690 praedaque
811 591 933 691 potita
949 591 1116 667 nefanda

137 710 228 786 Fert
245 733 375 785 secum
393 709 556 807 spolium
573 707 740 796 sceleris
759 731 1036 807 progressaque
1053 716 1161 807 porta

138 824 213 900 Per
231 826 375 900 medios
394 825 536 911 hostes,
554 823 698 898 meritis
714 823 854 898 fiducia
869 834 977 897 tanta
992 833 1063 910 est,

135 940 315 1016 Pervenit
332 942 380 1015 ad
399 964 547 1038 regem3
578 965 693 1039 quem
711 940 766 1015 sic
782 940 895 1015 affata
912 950 1135 1039 paventem:
1158 957 1161 964 ·

136 1066 161 1097 “
182 1056 311 1130 Suasit
328 1080 433 1131 amor
449 1055 616 1130 facinus:
645 1056 770 1156 proles
789 1080 860 1153 ego
877 1055 981 1153 regia
998 1053 1086 1128 Nisi
1136 1058 1182 1128 90

138 1173 280 1273 Scylla,
300 1174 368 1248 tibi
383 1173 490 1248 trado
509 1173 739 1273 patriosque,
758 1196 941 1269 meosque
960 1170 1140 1246 Penates.

137 1288 300 1364 Praemia
313 1291 417 1365 nulla
430 1300 533 1389 peto,
552 1289 702 1365 uisite:
731 1313 826 1388 cape
844 1288 981 1387 pignus
999 1287 1137 1361 amoris

137 1406 376 1506 Purpureum
394 1408 552 1493 crinem3
579 1430 649 1480 nec
667 1430 729 1492 me,
746 1428 847 1479 nunc
864 1403 1012 1477 tradere
1030 1402 1181 1486 crinem,

138 1522 216 1598 Sed
227 1523 390 1621 patrium
404 1522 473 1596 tibi
483 1522 599 1596 crede‘
606 1519 764 1620 caput:’'
780 1520 1041 1617 scelerataque
1051 1519 1184 1594 dextra

137 1636 301 1712 Munera
317 1638 495 1735 porrexit.
552 1637 678 1711 Minos
696 1647 869 1736 porrecta
882 1635 1041 1732 refugit3
1137 1636 1181 1707 95

136 1750 403 1850 Turbatusque
422 1752 507 1825 novi
525 1752 720 1850 respondit
734 1752 897 1849 imagine
911 1749 1022 1824 facti:

136 1874 162 1905 “
181 1866 231 1939 Dl
248 1877 287 1940 te
306 1869 566 1956 submoveant,
586 1894 609 1942 o
627 1870 744 1943 nostri
763 1869 916 1942 infamia
933 1866 1036 1954 secli,

136 1981 240 2056 Orbe
258 2007 339 2068 suo,
359 1984 551 2080 tellusque
569 1984 638 2058 tibi
657 1995 871 2082 pontusque
889 1993 1087 2079 negentur.

137 2098 251 2172 Certe
270 2123 340 2195 ego
358 2123 432 2172 uon
451 2100 572 2197 patiar
588 2099 612 2172 J
614 2099 693 2173 ovis
712 2099 940 2173 incunabula
957 2097 1115 2183 Creten,

134 2371 188 2410 nus.
196 2355 259 2420 apud
268 2355 637 2420 quemvidesirnilemhistoriam
686 2357 804 2422 aspiciens
830 2356 918 2404 crinem
931 2355 973 2403 sb
993 2355 1046 2419 ipss
1063 2353 1118 2402 Nisi
1136 2351 1183 2401 filis

135 2429 165 2477 de
181 2430 293 2478 Bomilda
304 2431 363 2478 Foro
373 2431 490 2480 Juliensi:
509 2431 548 2480 hic
565 2432 637 2480 crinis
686 2432 795 2479 allatum.

134 2503 253 2568 significat
280 2514 396 2553 secretum
420 2506 474 2554 Nisi
499 2506 634 2563 consilium,
717 2507 758 2553 91.
776 2507 917 2567 Patrisque,
929 2503 989 2566 etc]
1009 2503 1040 2550 Et
1050 2500 1151 2567 patriam
1161 2509 1183 2548 et

134 2577 198 2642 quod
215 2578 240 2626 in
259 2579 338 2644 capite
357 2595 465 2642 summ03
491 2579 536 2628 boc
556 2589 636 2629 antem
685 2577 782 2626 domum
805 2593 897 2627 meam:
924 2577 958 2625 sic
982 2576 1052 2631 iufra,
1076 2576 1181 2622 Patrium

133 2651 240 2702 hostibus
267 2653 366 2718 prodito,
387 2654 447 2720 quid
470 2663 565 2720 superet
591 2654 636 2704 nisi
684 2664 762 2715 ceput,
773 2652 881 2701 vitamet
892 2652 993 2701 salutem
1009 2649 1092 2715 petris.
1126 2650 1182 2698 Ver.

136 2728 201 2777 urbis
212 2729 373 2794 expugnatio?
688 2729 733 2776 115
750 2744 803 2792 sqq.
818 2729 892 2788 patris
910 2743 952 2773 ora
972 2724 1059 2771 dicitur
1077 2722 1183 2771 donlssc.

167 2804 207 2850 87.
225 2803 342 2867 Scelere]
363 2802 446 2852 Codex
458 2802 570 2869 antiquus
580 2805 596 2854 J
598 2819 636 2854 ac.
684 2801 760 2867 Impie
771 2799 921 2850 commendat
932 2814 1017 2846 munus
1027 2813 1107 2845 suurn.

134 2890 150 2923 a
160 2876 246 2932 Crucc,
257 2877 382 2925 Mediceus
393 2877 462 2941 prior,
474 2877 565 2925 Erlord.
586 2878 634 2926 Ca·
716 2877 756 2926 95.
770 2876 845 2923 Minos
854 2884 957 2937 porrecta
967 2873 1056 2938 refugit
1066 2890 1074 2930 ,·
1086 2871 1182 2937 pulchre

135 2949 216 2996 landr.
239 2950 364 3014 pluresque
391 2949 441 3005 alii,
464 2953 551 2998 celeris.
595 2951 634 2999 Sic
683 2950 795 2999 decorum
805 2959 883 2998 servat
893 2958 969 3014 poeta,
978 2963 1025 3011 quo
1037 2947 1126 3010 ubique
1134 2946 1182 3009 ju·-

134 3021 207 3068 ctiam
229 3021 365 3069 Priscianus
389 3021 467 3069 locum
494 3023 586 3078 laudat,
609 3033 635 3071 ut
684 3034 734 3072 turn
759 3024 821 3071 hunc
843 3022 955 3071 ostendit.
992 3021 1097 3083 imagine
1110 3021 1183 3083 facti,

134 3093 228 3150 doceat,
241 3097 300 3142 celer
312 3095 449 3143 femininum
461 3097 538 3143 lacere
549 3099 634 3144 celeris.
684 3097 826 3160 cogitatione
835 3097 901 3151 lacti,
911 3105 937 3144 ut
948 3094 1005 3143 alibi
1014 3095 1064 3157 jam
1074 3094 1184 3142 observe-

132 3168 246 3216 Heinsius
255 3185 309 3217 vero
320 3179 395 3216 toturn
406 3168 634 3218 vcrsumdelendum
684 3178 742 3218 turn,
777 3169 845 3224 Noni,
856 3169 964 3229 inauditi.
993 3168 1182 3215 Ditesubmou·

137 3252 227 3298 censet,
240 3243 305 3307 quia,
317 3243 341 3290 in
356 3242 490 3291 Florentino
506 3243 532 3290 S.
548 3245 633 3300 Marci,
683 3254 724 3292 unt
741 3244 786 3292 luit
799 3246 823 3292 in
840 3242 1057 3309 imprecationibus,
1071 3251 1097 3290 ut
1115 3242 1148 3290 Di
1164 3251 1184 3289 ts

137 3317 236 3379 margini
254 3317 370 3381 ascriptus
385 3327 421 3365 est
442 3333 513 3366 manu
532 3319 632 3366 recenti-
683 3323 807 3375 eradicent,
828 3323 935 3381 perdant,
959 3328 1005 3365 etc.
1040 3319 1100 3365 Orbe
1127 3332 1184 3373 suo5

133 3406 183 3439 ore.
217 3392 247 3440 In
271 3391 307 3439 his
334 3407 391 3439 sane
419 3399 455 3439 est
477 3390 634 3441 redundantis
683 3393 891 3443 lleins.suadebnt
901 3395 959 3440 Orbe
968 3395 1004 3452 pio
1011 3409 1019 3449 ,·
1032 3391 1103 3440 male.
1126 3391 1183 3438 Orbe

133 3465 259 3530 quasdam
278 3482 322 3514 non
343 3474 423 3514 tamen
441 3474 563 3530 propterca
580 3484 630 3516 ver·
683 3487 722 3518 sno
731 3469 807 3533 (quod
818 3469 907 3516 habent
918 3466 987 3530 Regii
999 3465 1084 3527 nostri)
1095 3473 1120 3513 et
1130 3481 1183 3513 mor

133 3554 185 3587 suin
205 3541 243 3587 st.
255 3556 308 3588 curn
325 3539 433 3594 Heinsio,
446 3539 547 3598 delearn,
558 3557 630 3605 quum
683 3561 744 3592 meus
754 3546 812 3591 orbis
823 3545 883 3591 bene
894 3542 939 3589 sibi
948 3549 1114 3606 opponuntur:
1134 3542 1183 3587 orbs

134 3612 235 3661 Ovidius
246 3629 308 3678 saepe
325 3613 349 3661 in
360 3613 421 3661 hanc
438 3623 528 3678 partem
539 3625 631 3679 peccet.
681 3635 729 3674 suo,
741 3629 788 3666 toto
799 3627 911 3666 terrarum
926 3617 990 3672 orbe,
1001 3615 1025 3663 in
1037 3631 1109 3679 quern
1119 3614 1184 3664 Deo·

133 3685 159 3733 Si
167 3690 263 3743 sceleris,
270 3686 382 3751 quoniam
393 3688 494 3753 nefanda
505 3689 632 3752 praecessit.
683 3709 734 3740 rum
744 3701 857 3756 potestas.

133 3761 253 3827 displicet,
264 3762 338 3827 possis
355 3779 410 3810 cum
422 3763 542 3811 Prisciano
555 3767 632 3813 celeris
715 3764 1022 3826 senseresensere]
1052 3763 1183 3828 Jupiters

133 3838 250 3900 praeferre.
272 3837 342 3900 Regii
355 3839 426 3886 nostri
433 3854 525 3886 versum
536 3840 633 3903 qualern
683 3840 764 3887 multis
780 3839 805 3887 in
824 3841 901 3894 Creta,
918 3839 948 3885 ab
966 3837 1019 3885 aliis
1036 3837 1061 3884 in
1078 3835 1184 3885 Arcadia

134 3924 164 3957 ex
175 3908 208 3956 cl.
218 3910 300 3975 Gierig
311 3912 445 3975 accepimus
456 3913 553 3960 hubent.
577 3913 632 3960 Non
683 3924 751 3961 natus
762 3930 813 3961 esse
823 3914 970 3961 credebatur.
994 3912 1056 3959 Vide
1068 3910 1183 3959 Callima·

134 3992 222 4032 temere
239 3995 354 4042 monetur,
367 3996 433 4047 porto
447 4003 499 4034 eam
516 4004 566 4036 esse
581 4004 632 4049 pro·
683 3987 722 4034 chi
733 3987 848 4050 hymnum
859 3988 912 4036 Jov.
925 3989 939 4033 4
952 4003 1004 4051 sqq.
1015 3985 1096 4050 ibique
1108 3986 1184 4049 Spsn·

131 4076 240 4125 gressum,
258 4077 391 4125 egressam
414 4077 467 4109 earn
487 4061 549 4109 enim
567 4073 634 4125 pater
684 4061 746 4109 hem.
768 4062 854 4110 Noster
864 4077 941 4126 supra,
948 4063 1036 4109 ti.405.
1046 4060 1087 4108 hos
1097 4076 1184 4124 seque-

131 4134 239 4183 clausam
265 4145 383 4185 tenuerat.
426 4136 527 4184 Patebat
553 4135 635 4185 Minos
683 4134 761 4191 batur,
780 4151 842 4184 nuuc
859 4135 920 4184 illos.
954 4137 1020 4184 Bene
1038 4134 1082 4182 hoc
1102 4133 1185 4198 mytho
