<?xml version="1.0" encoding="UTF-8"?>
<!DOCTYPE html PUBLIC "-//W3C//DTD XHTML 1.0 Transitional//EN"
    "http://www.w3.org/TR/xhtml1/DTD/xhtml1-transitional.dtd">
<html xmlns="http://www.w3.org/1999/xhtml" xml:lang="en" lang="en">
 <head>
  <title>
</title>
<meta http-equiv="Content-Type" content="text/html;charset=utf-8" />
  <meta name='ocr-system' content='tesseract 3.04.00' />
  <meta name='ocr-capabilities' content='ocr_page ocr_carea ocr_par ocr_line ocrx_word'/>
</head>
<body>
  <div class='ocr_page' id='page_1' title='image "./povidiinasoniso05burmgoog_0383.png"; bbox 0 0 2774 5004; ppageno 0'>
   <div class='ocr_carea' id='block_1_1' title="bbox 295 314 1036 388">
    <p class='ocr_par' dir='ltr' id='par_1_1' title="bbox 295 314 1036 388">
     <span class='ocr_line' id='line_1_1' title="bbox 295 314 1036 388; baseline -0.009 -1"><span class='ocrx_word' id='word_1_1' title='bbox 295 322 362 388; x_wconf 77' lang='lat'>376</span> <span class='ocrx_word' id='word_1_2' title='bbox 582 316 621 381; x_wconf 91' lang='lat' dir='ltr'>P.</span> <span class='ocrx_word' id='word_1_3' title='bbox 646 314 801 383; x_wconf 87' lang='lat' dir='ltr'>OVlDll</span> <span class='ocrx_word' id='word_1_4' title='bbox 825 315 1036 382; x_wconf 70' lang='lat' dir='ltr'>Nasonis</span> 
     </span>
    </p>
   </div>
   <div class='ocr_carea' id='block_1_2' title="bbox 295 487 1337 1621">
    <p class='ocr_par' dir='ltr' id='par_1_2' title="bbox 295 487 1337 1621">
     <span class='ocr_line' id='line_1_2' title="bbox 299 487 1176 576; baseline -0.006 -10"><span class='ocrx_word' id='word_1_5' title='bbox 299 493 345 566; x_wconf 93' lang='lat' dir='ltr'>ln</span> <span class='ocrx_word' id='word_1_6' title='bbox 362 488 531 566; x_wconf 82' lang='lat' dir='ltr'>deforme</span> <span class='ocrx_word' id='word_1_7' title='bbox 548 488 647 561; x_wconf 88' lang='lat' dir='ltr'>viros</span> <span class='ocrx_word' id='word_1_8' title='bbox 665 487 803 563; x_wconf 82' lang='lat' dir='ltr'>animal</span> <span class='ocrx_word' id='word_1_9' title='bbox 821 488 992 576; x_wconf 80' lang='lat' dir='ltr'>mutavit,</span> <span class='ocrx_word' id='word_1_10' title='bbox 1011 499 1055 562; x_wconf 90' lang='lat' dir='ltr'>ut</span> <span class='ocrx_word' id='word_1_11' title='bbox 1072 489 1176 562; x_wconf 90' lang='lat' dir='ltr'>idem</span> 
     </span>
     <span class='ocr_line' id='line_1_3' title="bbox 297 602 1334 701; baseline -0.003 -20"><span class='ocrx_word' id='word_1_12' title='bbox 297 605 512 682; x_wconf 80' lang='lat' dir='ltr'>Dissimiles</span> <span class='ocrx_word' id='word_1_13' title='bbox 529 602 670 677; x_wconf 90' lang='lat' dir='ltr'>homini</span> <span class='ocrx_word' id='word_1_14' title='bbox 688 614 856 700; x_wconf 79' lang='lat' dir='ltr'>possent,</span> <span class='ocrx_word' id='word_1_15' title='bbox 875 603 1095 701; x_wconf 87' lang='lat' dir='ltr'>similesque</span> <span class='ocrx_word' id='word_1_16' title='bbox 1114 603 1259 679; x_wconf 85' lang='lat' dir='ltr'>videri:</span> <span class='ocrx_word' id='word_1_17' title='bbox 1299 608 1334 678; x_wconf 79' lang='lat' dir='ltr'>et</span> 
     </span>
     <span class='ocr_line' id='line_1_4' title="bbox 296 717 1324 817; baseline -0.004 -21"><span class='ocrx_word' id='word_1_18' title='bbox 296 721 548 817; x_wconf 79' lang='lat' dir='ltr'>Membraque</span> <span class='ocrx_word' id='word_1_19' title='bbox 566 717 766 805; x_wconf 83' lang='lat' dir='ltr'>contraxit,</span> <span class='ocrx_word' id='word_1_20' title='bbox 785 742 972 815; x_wconf 81' lang='lat' dir='ltr'>naresque</span> <span class='ocrx_word' id='word_1_21' title='bbox 990 742 1014 792; x_wconf 83' lang='lat' dir='ltr'><strong>a</strong></span> <span class='ocrx_word' id='word_1_22' title='bbox 1029 718 1159 793; x_wconf 90' lang='lat' dir='ltr'>sronte</span> <span class='ocrx_word' id='word_1_23' title='bbox 1178 719 1324 794; x_wconf 80' lang='lat' dir='ltr'>resimas</span> 
     </span>
     <span class='ocr_line' id='line_1_5' title="bbox 299 833 1167 930; baseline -0.002 -19"><span class='ocrx_word' id='word_1_24' title='bbox 299 834 497 922; x_wconf 82' lang='lat' dir='ltr'>Contudit,</span> <span class='ocrx_word' id='word_1_25' title='bbox 517 844 559 908; x_wconf 87' lang='lat' dir='ltr'>et</span> <span class='ocrx_word' id='word_1_26' title='bbox 574 833 676 930; x_wconf 82' lang='lat' dir='ltr'>mgis</span> <span class='ocrx_word' id='word_1_27' title='bbox 693 833 880 930; x_wconf 86' lang='lat' dir='ltr'>peraravit</span> <span class='ocrx_word' id='word_1_28' title='bbox 897 833 1059 907; x_wconf 85' lang='lat' dir='ltr'>anilibus</span> <span class='ocrx_word' id='word_1_29' title='bbox 1077 857 1167 909; x_wconf 87' lang='lat' dir='ltr'>ora:</span> 
     </span>
     <span class='ocr_line' id='line_1_6' title="bbox 296 947 1080 1049; baseline -0.005 -24"><span class='ocrx_word' id='word_1_30' title='bbox 296 951 470 1049; x_wconf 85' lang='lat' dir='ltr'>Totoque</span> <span class='ocrx_word' id='word_1_31' title='bbox 487 949 630 1024; x_wconf 82' lang='lat' dir='ltr'>relatos</span> <span class='ocrx_word' id='word_1_32' title='bbox 647 947 800 1022; x_wconf 81' lang='lat' dir='ltr'>florenti</span> <span class='ocrx_word' id='word_1_33' title='bbox 818 972 977 1046; x_wconf 84' lang='lat' dir='ltr'>corpora</span> <span class='ocrx_word' id='word_1_34' title='bbox 991 948 1080 1022; x_wconf 84' lang='lat' dir='ltr'>villo</span> 
     </span>
     <span class='ocr_line' id='line_1_7' title="bbox 298 1064 1309 1161; baseline -0.003 -21"><span class='ocrx_word' id='word_1_35' title='bbox 298 1066 406 1141; x_wconf 89' lang='lat' dir='ltr'>Misit</span> <span class='ocrx_word' id='word_1_36' title='bbox 422 1067 460 1139; x_wconf 91' lang='lat' dir='ltr'>in</span> <span class='ocrx_word' id='word_1_37' title='bbox 478 1066 547 1139; x_wconf 82' lang='lat' dir='ltr'>hos</span> <span class='ocrx_word' id='word_1_38' title='bbox 566 1064 697 1137; x_wconf 88' lang='lat' dir='ltr'>sedes:</span> <span class='ocrx_word' id='word_1_39' title='bbox 726 1087 797 1137; x_wconf 91' lang='lat' dir='ltr'>nec</span> <span class='ocrx_word' id='word_1_40' title='bbox 816 1087 891 1137; x_wconf 95' lang='lat' dir='ltr'>non</span> <span class='ocrx_word' id='word_1_41' title='bbox 909 1064 1012 1161; x_wconf 85' lang='lat' dir='ltr'>prius</span> <span class='ocrx_word' id='word_1_42' title='bbox 1027 1064 1192 1138; x_wconf 87' lang='lat' dir='ltr'>abstulit</span> <span class='ocrx_word' id='word_1_43' title='bbox 1206 1088 1309 1138; x_wconf 88' lang='lat' dir='ltr'>usum</span> 
     </span>
     <span class='ocr_line' id='line_1_8' title="bbox 295 1177 1208 1276; baseline 0 -24"><span class='ocrx_word' id='word_1_44' title='bbox 295 1180 518 1266; x_wconf 87' lang='lat' dir='ltr'>Verborum,</span> <span class='ocrx_word' id='word_1_45' title='bbox 538 1191 578 1254; x_wconf 91' lang='lat' dir='ltr'>et</span> <span class='ocrx_word' id='word_1_46' title='bbox 595 1188 692 1252; x_wconf 87' lang='lat' dir='ltr'>natae</span> <span class='ocrx_word' id='word_1_47' title='bbox 710 1179 791 1252; x_wconf 82' lang='lat' dir='ltr'>dire</span> <span class='ocrx_word' id='word_1_48' title='bbox 805 1177 844 1252; x_wconf 91' lang='lat' dir='ltr'>in</span> <span class='ocrx_word' id='word_1_49' title='bbox 861 1178 1026 1276; x_wconf 90' lang='lat' dir='ltr'>perjuria</span> <span class='ocrx_word' id='word_1_50' title='bbox 1042 1178 1208 1276; x_wconf 79' lang='lat' dir='ltr'>linguae3</span> 
     </span>
     <span class='ocr_line' id='line_1_9' title="bbox 297 1293 1337 1393; baseline -0.003 -22"><span class='ocrx_word' id='word_1_51' title='bbox 297 1296 416 1372; x_wconf 90' lang='lat' dir='ltr'>Posse</span> <span class='ocrx_word' id='word_1_52' title='bbox 434 1295 541 1393; x_wconf 92' lang='lat' dir='ltr'>queri</span> <span class='ocrx_word' id='word_1_53' title='bbox 558 1305 706 1368; x_wconf 87' lang='lat' dir='ltr'>tantum</span> <span class='ocrx_word' id='word_1_54' title='bbox 724 1316 837 1368; x_wconf 83' lang='lat' dir='ltr'>muco</span> <span class='ocrx_word' id='word_1_55' title='bbox 854 1293 1011 1368; x_wconf 85' lang='lat' dir='ltr'>stridore</span> <span class='ocrx_word' id='word_1_56' title='bbox 1030 1293 1228 1392; x_wconf 77' lang='lat' dir='ltr'>relinquit</span> <span class='ocrx_word' id='word_1_57' title='bbox 1284 1299 1337 1370; x_wconf 89' lang='lat'>100</span> 
     </span>
     <span class='ocr_line' id='line_1_10' title="bbox 348 1407 1231 1508; baseline 0 -23"><span class='ocrx_word' id='word_1_58' title='bbox 348 1409 429 1485; x_wconf 81' lang='lat' dir='ltr'>Has</span> <span class='ocrx_word' id='word_1_59' title='bbox 445 1410 510 1483; x_wconf 90' lang='lat' dir='ltr'>ubi</span> <span class='ocrx_word' id='word_1_60' title='bbox 523 1408 715 1508; x_wconf 72' lang='lat' dir='ltr'>praeteriit,</span> <span class='ocrx_word' id='word_1_61' title='bbox 734 1419 775 1484; x_wconf 88' lang='lat' dir='ltr'>et</span> <span class='ocrx_word' id='word_1_62' title='bbox 791 1407 1070 1505; x_wconf 84' lang='lat' dir='ltr'>Parthenopeia</span> <span class='ocrx_word' id='word_1_63' title='bbox 1086 1409 1231 1485; x_wconf 85' lang='lat' dir='ltr'>dextra</span> 
     </span>
     <span class='ocr_line' id='line_1_11' title="bbox 298 1523 1082 1621; baseline -0.006 -20"><span class='ocrx_word' id='word_1_64' title='bbox 298 1525 442 1601; x_wconf 83' lang='lat' dir='ltr'>Moenia</span> <span class='ocrx_word' id='word_1_65' title='bbox 459 1524 636 1609; x_wconf 90' lang='lat' dir='ltr'>deseruit,</span> <span class='ocrx_word' id='word_1_66' title='bbox 655 1524 750 1597; x_wconf 84' lang='lat' dir='ltr'>laeva</span> <span class='ocrx_word' id='word_1_67' title='bbox 766 1523 814 1596; x_wconf 92' lang='lat' dir='ltr'>de</span> <span class='ocrx_word' id='word_1_68' title='bbox 829 1534 937 1621; x_wconf 83' lang='lat' dir='ltr'>parte</span> <span class='ocrx_word' id='word_1_69' title='bbox 955 1524 1082 1597; x_wconf 81' lang='lat' dir='ltr'>canori</span> 
     </span>
    </p>
   </div>
   <div class='ocr_carea' id='block_1_3' title="bbox 296 1777 1342 2138">
    <p class='ocr_par' dir='ltr' id='par_1_3' title="bbox 296 1777 1342 2138">
     <span class='ocr_line' id='line_1_12' title="bbox 329 1777 1340 1846; baseline -0.002 -15"><span class='ocrx_word' id='word_1_70' title='bbox 329 1784 370 1831; x_wconf 83' lang='lat'>9³.</span> <span class='ocrx_word' id='word_1_71' title='bbox 389 1780 418 1829; x_wconf 82' lang='lat' dir='ltr'>ln</span> <span class='ocrx_word' id='word_1_72' title='bbox 437 1780 536 1846; x_wconf 80' lang='lat' dir='ltr'>deforme</span> <span class='ocrx_word' id='word_1_73' title='bbox 554 1781 651 1835; x_wconf 77' lang='lat' dir='ltr'>animat,</span> <span class='ocrx_word' id='word_1_74' title='bbox 669 1778 694 1827; x_wconf 90' lang='lat' dir='ltr'>in</span> <span class='ocrx_word' id='word_1_75' title='bbox 713 1777 796 1828; x_wconf 79' lang='lat' dir='ltr'>nimiae</span> <span class='ocrx_word' id='word_1_76' title='bbox 845 1778 945 1835; x_wconf 81' lang='lat' dir='ltr'>tulisset,</span> <span class='ocrx_word' id='word_1_77' title='bbox 956 1787 1011 1828; x_wconf 80' lang='lat' dir='ltr'>ente</span> <span class='ocrx_word' id='word_1_78' title='bbox 1028 1779 1187 1828; x_wconf 86' lang='lat' dir='ltr'>condendum</span> <span class='ocrx_word' id='word_1_79' title='bbox 1202 1796 1255 1830; x_wconf 78' lang='lat' dir='ltr'>nese</span> <span class='ocrx_word' id='word_1_80' title='bbox 1269 1793 1340 1844; x_wconf 64' lang='lat' dir='ltr'>mpure</span> 
     </span>
     <span class='ocr_line' id='line_1_13' title="bbox 296 1851 1338 1918; baseline -0.004 -12"><span class='ocrx_word' id='word_1_81' title='bbox 296 1857 406 1907; x_wconf 78' lang='lat' dir='ltr'>nutavit.</span> <span class='ocrx_word' id='word_1_82' title='bbox 438 1854 485 1904; x_wconf 86' lang='lat' dir='ltr'>Sed</span> <span class='ocrx_word' id='word_1_83' title='bbox 502 1869 568 1904; x_wconf 86' lang='lat' dir='ltr'>more</span> <span class='ocrx_word' id='word_1_84' title='bbox 584 1869 628 1903; x_wconf 82' lang='lat' dir='ltr'>nuo</span> <span class='ocrx_word' id='word_1_85' title='bbox 645 1853 743 1903; x_wconf 76' lang='lat' dir='ltr'>formem</span> <span class='ocrx_word' id='word_1_86' title='bbox 763 1851 795 1902; x_wconf 85' lang='lat' dir='ltr'>ei·</span> <span class='ocrx_word' id='word_1_87' title='bbox 845 1851 916 1901; x_wconf 84' lang='lat' dir='ltr'>emici</span> <span class='ocrx_word' id='word_1_88' title='bbox 930 1851 1083 1917; x_wconf 79' lang='lat' dir='ltr'>insepultum,</span> <span class='ocrx_word' id='word_1_89' title='bbox 1094 1853 1280 1918; x_wconf 82' lang='lat' dir='ltr'>quemoreeula</span> <span class='ocrx_word' id='word_1_90' title='bbox 1291 1868 1338 1902; x_wconf 84' lang='lat' dir='ltr'>noe·</span> 
     </span>
     <span class='ocr_line' id='line_1_14' title="bbox 298 1924 1340 1993; baseline -0.003 -14"><span class='ocrx_word' id='word_1_91' title='bbox 298 1929 398 1979; x_wconf 83' lang='lat' dir='ltr'>mierum</span> <span class='ocrx_word' id='word_1_92' title='bbox 406 1927 512 1992; x_wconf 85' lang='lat' dir='ltr'>jucunde</span> <span class='ocrx_word' id='word_1_93' title='bbox 522 1925 643 1977; x_wconf 79' lang='lat' dir='ltr'>describit.</span> <span class='ocrx_word' id='word_1_94' title='bbox 674 1924 795 1981; x_wconf 61' lang='lat' dir='ltr'>Vinculu-</span> <span class='ocrx_word' id='word_1_95' title='bbox 845 1925 917 1982; x_wconf 83' lang='lat' dir='ltr'>eulet,</span> <span class='ocrx_word' id='word_1_96' title='bbox 935 1925 1030 1975; x_wconf 74' lang='lat' dir='ltr'>rediens</span> <span class='ocrx_word' id='word_1_97' title='bbox 1045 1925 1077 1975; x_wconf 87' lang='lat' dir='ltr'>ed</span> <span class='ocrx_word' id='word_1_98' title='bbox 1092 1925 1156 1976; x_wconf 78' lang='lat' dir='ltr'>litun</span> <span class='ocrx_word' id='word_1_99' title='bbox 1171 1927 1262 1993; x_wconf 72' lang='lat' dir='ltr'>reperit</span> <span class='ocrx_word' id='word_1_100' title='bbox 1277 1926 1340 1975; x_wconf 64' lang='lat' dir='ltr'>tsn-</span> 
     </span>
     <span class='ocr_line' id='line_1_15' title="bbox 296 1998 1340 2065; baseline -0.001 -15"><span class='ocrx_word' id='word_1_101' title='bbox 296 2001 382 2057; x_wconf 78' lang='lat' dir='ltr'>mines,</span> <span class='ocrx_word' id='word_1_102' title='bbox 392 2009 419 2050; x_wconf 94' lang='lat' dir='ltr'>ut</span> <span class='ocrx_word' id='word_1_103' title='bbox 428 2015 491 2065; x_wconf 74' lang='lat' dir='ltr'>eene</span> <span class='ocrx_word' id='word_1_104' title='bbox 503 1998 567 2064; x_wconf 80' lang='lat' dir='ltr'>apud</span> <span class='ocrx_word' id='word_1_105' title='bbox 578 2000 699 2048; x_wconf 74' lang='lat' dir='ltr'>Nostrum.</span> <span class='ocrx_word' id='word_1_106' title='bbox 723 1999 796 2049; x_wconf 74' lang='lat' dir='ltr'>Mere-</span> <span class='ocrx_word' id='word_1_107' title='bbox 844 2013 911 2053; x_wconf 84' lang='lat' dir='ltr'>uum.</span> <span class='ocrx_word' id='word_1_108' title='bbox 921 2012 937 2046; x_wconf 87' lang='lat' dir='ltr'>e</span> <span class='ocrx_word' id='word_1_109' title='bbox 946 1998 1052 2054; x_wconf 83' lang='lat' dir='ltr'>Tritone,</span> <span class='ocrx_word' id='word_1_110' title='bbox 1064 2014 1174 2062; x_wconf 75' lang='lat' dir='ltr'>quecun</span> <span class='ocrx_word' id='word_1_111' title='bbox 1184 2009 1261 2049; x_wconf 80' lang='lat' dir='ltr'>centu</span> <span class='ocrx_word' id='word_1_112' title='bbox 1274 2007 1340 2048; x_wconf 69' lang='lat' dir='ltr'>nate·</span> 
     </span>
     <span class='ocr_line' id='line_1_16' title="bbox 299 2071 1342 2138; baseline -0.002 -16"><span class='ocrx_word' id='word_1_113' title='bbox 299 2077 340 2125; x_wconf 76' lang='lat' dir='ltr'>len</span> <span class='ocrx_word' id='word_1_114' title='bbox 350 2075 472 2123; x_wconf 72' lang='lat' dir='ltr'>contrusit.</span> <span class='ocrx_word' id='word_1_115' title='bbox 505 2073 586 2120; x_wconf 82' lang='lat' dir='ltr'>Amin.</span> <span class='ocrx_word' id='word_1_116' title='bbox 598 2073 677 2121; x_wconf 82' lang='lat' dir='ltr'>Marc.</span> <span class='ocrx_word' id='word_1_117' title='bbox 688 2072 746 2123; x_wconf 83' lang='lat' dir='ltr'>xxii.</span> <span class='ocrx_word' id='word_1_118' title='bbox 758 2075 796 2123; x_wconf 79' lang='lat'>14.</span> <span class='ocrx_word' id='word_1_119' title='bbox 845 2071 1191 2136; x_wconf 53' lang='lat' dir='ltr'>tortuosissimum</span> <span class='ocrx_word' id='word_1_120' title='bbox 1203 2088 1290 2138; x_wconf 79' lang='lat' dir='ltr'>corpur</span> <span class='ocrx_word' id='word_1_121' title='bbox 1298 2072 1342 2137; x_wconf 77' lang='lat' dir='ltr'>ejus</span> 
     </span>
    </p>
   </div>
   <div class='ocr_carea' id='block_1_4' title="bbox 221 2144 1342 2212">
    <p class='ocr_par' dir='ltr' id='par_1_4' title="bbox 221 2144 1342 2212">
     <span class='ocr_line' id='line_1_17' title="bbox 221 2144 1342 2212; baseline -0.004 -14"><span class='ocrx_word' id='word_1_122' title='bbox 221 2146 224 2151; x_wconf 76' lang='grc'>’</span> <span class='ocrx_word' id='word_1_123' title='bbox 298 2147 329 2198; x_wconf 90' lang='lat' dir='ltr'>de</span> <span class='ocrx_word' id='word_1_124' title='bbox 348 2145 453 2203; x_wconf 83' lang='lat' dir='ltr'>Julieno,</span> <span class='ocrx_word' id='word_1_125' title='bbox 477 2145 609 2201; x_wconf 72' lang='lat' dir='ltr'>Videbatur,</span> <span class='ocrx_word' id='word_1_126' title='bbox 636 2155 664 2194; x_wconf 80' lang='lat' dir='ltr'>ur</span> <span class='ocrx_word' id='word_1_127' title='bbox 691 2147 795 2208; x_wconf 69' lang='lat' dir='ltr'>Gereoni,</span> <span class='ocrx_word' id='word_1_128' title='bbox 845 2144 971 2200; x_wconf 79' lang='lat' dir='ltr'>comburit,</span> <span class='ocrx_word' id='word_1_129' title='bbox 992 2144 1155 2210; x_wconf 80' lang='lat' dir='ltr'>reliquiaeque</span> <span class='ocrx_word' id='word_1_130' title='bbox 1178 2147 1227 2196; x_wconf 84' lang='lat' dir='ltr'>enb</span> <span class='ocrx_word' id='word_1_131' title='bbox 1247 2146 1342 2212; x_wconf 73' lang='lat' dir='ltr'>proxime</span> 
     </span>
    </p>
   </div>
   <div class='ocr_carea' id='block_1_5' title="bbox 296 2218 1353 4196">
    <p class='ocr_par' dir='ltr' id='par_1_5' title="bbox 297 2218 1350 3608">
     <span class='ocr_line' id='line_1_18' title="bbox 299 2218 1343 2285; baseline -0.004 -14"><span class='ocrx_word' id='word_1_132' title='bbox 299 2221 452 2271; x_wconf 66' lang='lat' dir='ltr'>misturis</span> <span class='ocrx_word' id='word_1_133' title='bbox 484 2220 550 2268; x_wconf 70' lang='lat' dir='ltr'>Simo</span> <span class='ocrx_word' id='word_1_134' title='bbox 563 2235 637 2276; x_wconf 83' lang='lat' dir='ltr'>onree,</span> <span class='ocrx_word' id='word_1_135' title='bbox 649 2218 673 2269; x_wconf 90' lang='lat' dir='ltr'>id</span> <span class='ocrx_word' id='word_1_136' title='bbox 688 2227 725 2267; x_wconf 85' lang='lat' dir='ltr'>eet</span> <span class='ocrx_word' id='word_1_137' title='bbox 738 2235 795 2269; x_wconf 88' lang='lat' dir='ltr'>con·</span> <span class='ocrx_word' id='word_1_138' title='bbox 846 2218 1040 2283; x_wconf 69' lang='lat' dir='ltr'>montempelit3</span> <span class='ocrx_word' id='word_1_139' title='bbox 1058 2218 1290 2285; x_wconf 73' lang='lat' dir='ltr'>AEmri.16³eqq.</span> <span class='ocrx_word' id='word_1_140' title='bbox 1317 2218 1343 2267; x_wconf 85' lang='lat' dir='ltr'>ln</span> 
     </span>
     <span class='ocr_line' id='line_1_19' title="bbox 298 2289 1343 2356; baseline -0.003 -12"><span class='ocrx_word' id='word_1_141' title='bbox 298 2302 390 2350; x_wconf 81' lang='lat' dir='ltr'>tracter,</span> <span class='ocrx_word' id='word_1_142' title='bbox 401 2291 476 2342; x_wconf 84' lang='lat' dir='ltr'>eimiie</span> <span class='ocrx_word' id='word_1_143' title='bbox 486 2292 582 2342; x_wconf 78' lang='lat' dir='ltr'>dentur.</span> <span class='ocrx_word' id='word_1_144' title='bbox 609 2293 687 2342; x_wconf 84' lang='lat' dir='ltr'>Etiam</span> <span class='ocrx_word' id='word_1_145' title='bbox 698 2291 739 2356; x_wconf 88' lang='lat' dir='ltr'>qui</span> <span class='ocrx_word' id='word_1_146' title='bbox 750 2292 797 2342; x_wconf 84' lang='lat' dir='ltr'>lae·</span> <span class='ocrx_word' id='word_1_147' title='bbox 845 2289 887 2340; x_wconf 89' lang='lat' dir='ltr'>illo</span> <span class='ocrx_word' id='word_1_148' title='bbox 895 2290 963 2340; x_wconf 86' lang='lat' dir='ltr'>litore</span> <span class='ocrx_word' id='word_1_149' title='bbox 970 2291 1090 2356; x_wconf 71' lang='lat' dir='ltr'>speluncn</span> <span class='ocrx_word' id='word_1_150' title='bbox 1098 2302 1178 2348; x_wconf 84' lang='lat' dir='ltr'>erent,</span> <span class='ocrx_word' id='word_1_151' title='bbox 1185 2293 1266 2343; x_wconf 81' lang='lat' dir='ltr'>l&#39;nutee</span> <span class='ocrx_word' id='word_1_152' title='bbox 1271 2291 1343 2348; x_wconf 67' lang='lat' dir='ltr'>relidi</span> 
     </span>
     <span class='ocr_line' id='line_1_20' title="bbox 299 2363 1344 2431; baseline -0.002 -14"><span class='ocrx_word' id='word_1_153' title='bbox 299 2365 389 2417; x_wconf 87' lang='lat' dir='ltr'>tidiunt</span> <span class='ocrx_word' id='word_1_154' title='bbox 398 2365 488 2431; x_wconf 68' lang='lat' dir='ltr'>aliquid</span> <span class='ocrx_word' id='word_1_155' title='bbox 499 2365 591 2417; x_wconf 79' lang='lat' dir='ltr'>retortis</span> <span class='ocrx_word' id='word_1_156' title='bbox 602 2366 708 2422; x_wconf 79' lang='lat' dir='ltr'>neribus,</span> <span class='ocrx_word' id='word_1_157' title='bbox 716 2368 798 2417; x_wconf 62' lang='grc' dir='ltr'>σίων·</span> <span class='ocrx_word' id='word_1_158' title='bbox 847 2364 899 2413; x_wconf 85' lang='lat' dir='ltr'>loca</span> <span class='ocrx_word' id='word_1_159' title='bbox 909 2363 998 2413; x_wconf 80' lang='lat' dir='ltr'>nullure</span> <span class='ocrx_word' id='word_1_160' title='bbox 1007 2364 1132 2421; x_wconf 75' lang='lat' dir='ltr'>lummtie,</span> <span class='ocrx_word' id='word_1_161' title='bbox 1138 2365 1246 2430; x_wconf 82' lang='lat' dir='ltr'>peludee</span> <span class='ocrx_word' id='word_1_162' title='bbox 1255 2364 1344 2430; x_wconf 71' lang='lat' dir='ltr'>ierngi</span> 
     </span>
     <span class='ocr_line' id='line_1_21' title="bbox 298 2437 1345 2503; baseline -0.004 -12"><span class='ocrx_word' id='word_1_163' title='bbox 298 2458 365 2491; x_wconf 75' lang='lat' dir='ltr'>neree</span> <span class='ocrx_word' id='word_1_164' title='bbox 383 2440 502 2491; x_wconf 86' lang='lat' dir='ltr'>dicuntur.</span> <span class='ocrx_word' id='word_1_165' title='bbox 534 2439 581 2489; x_wconf 87' lang='lat' dir='ltr'>Sed</span> <span class='ocrx_word' id='word_1_166' title='bbox 600 2441 687 2489; x_wconf 76' lang='lat' dir='ltr'>Noster</span> <span class='ocrx_word' id='word_1_167' title='bbox 703 2439 797 2497; x_wconf 84' lang='lat' dir='ltr'>maluit,</span> <span class='ocrx_word' id='word_1_168' title='bbox 847 2437 898 2487; x_wconf 85' lang='lat' dir='ltr'>neie</span> <span class='ocrx_word' id='word_1_169' title='bbox 913 2439 981 2503; x_wconf 78' lang='lat' dir='ltr'>equis</span> <span class='ocrx_word' id='word_1_170' title='bbox 998 2447 1023 2488; x_wconf 84' lang='lat' dir='ltr'>et</span> <span class='ocrx_word' id='word_1_171' title='bbox 1040 2439 1102 2488; x_wconf 86' lang='lat' dir='ltr'>nluie</span> <span class='ocrx_word' id='word_1_172' title='bbox 1118 2438 1217 2496; x_wconf 73' lang='lat' dir='ltr'>neure,</span> <span class='ocrx_word' id='word_1_173' title='bbox 1233 2439 1289 2489; x_wconf 82' lang='lat' dir='ltr'>hinc</span> <span class='ocrx_word' id='word_1_174' title='bbox 1303 2441 1345 2487; x_wconf 79' lang='lat' dir='ltr'>lore</span> 
     </span>
     <span class='ocr_line' id='line_1_22' title="bbox 297 2505 1344 2578; baseline -0.004 -14"><span class='ocrx_word' id='word_1_175' title='bbox 297 2530 328 2564; x_wconf 81' lang='lat' dir='ltr'>ex</span> <span class='ocrx_word' id='word_1_176' title='bbox 344 2514 509 2564; x_wconf 70' lang='lat' dir='ltr'>emendatione</span> <span class='ocrx_word' id='word_1_177' title='bbox 526 2512 623 2578; x_wconf 85' lang='lat' dir='ltr'>quidem</span> <span class='ocrx_word' id='word_1_178' title='bbox 640 2511 750 2562; x_wconf 80' lang='lat' dir='ltr'>Selmesii</span> <span class='ocrx_word' id='word_1_179' title='bbox 765 2512 797 2563; x_wconf 87' lang='lat' dir='ltr'>ed</span> <span class='ocrx_word' id='word_1_180' title='bbox 839 2513 895 2578; x_wconf 82' lang='lat' dir='ltr'>feto</span> <span class='ocrx_word' id='word_1_181' title='bbox 907 2514 1047 2573; x_wconf 72' lang='lat' dir='ltr'>palustribus</span> <span class='ocrx_word' id='word_1_182' title='bbox 1063 2513 1132 2561; x_wconf 79' lang='lat' dir='ltr'>uloie.</span> <span class='ocrx_word' id='word_1_183' title='bbox 1164 2512 1207 2562; x_wconf 89' lang='lat' dir='ltr'>lbi</span> <span class='ocrx_word' id='word_1_184' title='bbox 1220 2505 1294 2563; x_wconf 81' lang='lat' dir='ltr'>etiem</span> <span class='ocrx_word' id='word_1_185' title='bbox 1307 2531 1344 2560; x_wconf 80' lang='lat' dir='ltr'>ee·</span> 
     </span>
     <span class='ocr_line' id='line_1_23' title="bbox 297 2585 1345 2655; baseline -0.004 -17"><span class='ocrx_word' id='word_1_186' title='bbox 297 2589 372 2638; x_wconf 85' lang='lat' dir='ltr'>Solin.</span> <span class='ocrx_word' id='word_1_187' title='bbox 393 2605 450 2655; x_wconf 75' lang='lat' dir='ltr'>pig.</span> <span class='ocrx_word' id='word_1_188' title='bbox 472 2590 514 2638; x_wconf 77' lang='grc'>68.</span> <span class='ocrx_word' id='word_1_189' title='bbox 541 2591 642 2644; x_wconf 69' lang='lat' dir='ltr'>renium,</span> <span class='ocrx_word' id='word_1_190' title='bbox 667 2586 798 2652; x_wconf 78' lang='grc' dir='ltr'><strong><em>ἀνάσιμος.</em></strong></span> <span class='ocrx_word' id='word_1_191' title='bbox 848 2597 910 2638; x_wconf 75' lang='lat' dir='ltr'>trun</span> <span class='ocrx_word' id='word_1_192' title='bbox 930 2587 1042 2642; x_wconf 84' lang='lat' dir='ltr'>immane,</span> <span class='ocrx_word' id='word_1_193' title='bbox 1062 2595 1183 2636; x_wconf 78' lang='lat' dir='ltr'>secretum</span> <span class='ocrx_word' id='word_1_194' title='bbox 1211 2585 1345 2635; x_wconf 77' lang='lat' dir='ltr'>horrendum</span> 
     </span>
     <span class='ocr_line' id='line_1_24' title="bbox 298 2658 1346 2728; baseline -0.006 -15"><span class='ocrx_word' id='word_1_195' title='bbox 298 2678 348 2728; x_wconf 88' lang='lat' dir='ltr'>quo</span> <span class='ocrx_word' id='word_1_196' title='bbox 366 2670 391 2711; x_wconf 90' lang='lat' dir='ltr'>et</span> <span class='ocrx_word' id='word_1_197' title='bbox 407 2662 492 2718; x_wconf 85' lang='lat' dir='ltr'>Vnrro,</span> <span class='ocrx_word' id='word_1_198' title='bbox 509 2660 644 2712; x_wconf 76' lang='lat' dir='ltr'>Columella</span> <span class='ocrx_word' id='word_1_199' title='bbox 662 2669 688 2709; x_wconf 87' lang='lat' dir='ltr'>et</span> <span class='ocrx_word' id='word_1_200' title='bbox 705 2660 746 2709; x_wconf 86' lang='lat' dir='ltr'>alii</span> <span class='ocrx_word' id='word_1_201' title='bbox 761 2661 798 2711; x_wconf 80' lang='lat' dir='ltr'>uei</span> <span class='ocrx_word' id='word_1_202' title='bbox 846 2658 1031 2725; x_wconf 74' lang='lat' dir='ltr'>Sibyllae,cujue</span> <span class='ocrx_word' id='word_1_203' title='bbox 1048 2674 1169 2723; x_wconf 72' lang='lat' dir='ltr'>respousa,</span> <span class='ocrx_word' id='word_1_204' title='bbox 1182 2674 1197 2707; x_wconf 73' lang='lat' dir='ltr'>a</span> <span class='ocrx_word' id='word_1_205' title='bbox 1209 2659 1304 2708; x_wconf 83' lang='lat' dir='ltr'>Plroebo</span> <span class='ocrx_word' id='word_1_206' title='bbox 1316 2660 1346 2707; x_wconf 92' lang='lat' dir='ltr'>in·</span> 
     </span>
     <span class='ocr_line' id='line_1_25' title="bbox 299 2733 1346 2798; baseline -0.006 -11"><span class='ocrx_word' id='word_1_207' title='bbox 299 2749 371 2797; x_wconf 89' lang='lat' dir='ltr'>eunt;</span> <span class='ocrx_word' id='word_1_208' title='bbox 383 2736 437 2786; x_wconf 83' lang='lat' dir='ltr'>vide</span> <span class='ocrx_word' id='word_1_209' title='bbox 448 2735 581 2786; x_wconf 83' lang='lat' dir='ltr'>Heimium.</span> <span class='ocrx_word' id='word_1_210' title='bbox 599 2736 637 2783; x_wconf 83' lang='lat' dir='ltr'>lta</span> <span class='ocrx_word' id='word_1_211' title='bbox 647 2737 751 2784; x_wconf 79' lang='lat' dir='ltr'>contudit</span> <span class='ocrx_word' id='word_1_212' title='bbox 762 2753 797 2784; x_wconf 85' lang='lat' dir='ltr'>re·</span> <span class='ocrx_word' id='word_1_213' title='bbox 847 2735 943 2798; x_wconf 79' lang='lat' dir='ltr'>spirate,</span> <span class='ocrx_word' id='word_1_214' title='bbox 954 2741 1101 2797; x_wconf 83' lang='lat' dir='ltr'>peruentum</span> <span class='ocrx_word' id='word_1_215' title='bbox 1112 2733 1174 2781; x_wconf 85' lang='lat' dir='ltr'>ostia</span> <span class='ocrx_word' id='word_1_216' title='bbox 1186 2735 1251 2783; x_wconf 81' lang='lat' dir='ltr'>antri</span> <span class='ocrx_word' id='word_1_217' title='bbox 1262 2748 1346 2782; x_wconf 84' lang='lat' dir='ltr'>remee-</span> 
     </span>
     <span class='ocr_line' id='line_1_26' title="bbox 297 2807 1346 2871; baseline -0.006 -10"><span class='ocrx_word' id='word_1_218' title='bbox 297 2814 364 2860; x_wconf 70' lang='lat' dir='ltr'>umas</span> <span class='ocrx_word' id='word_1_219' title='bbox 376 2808 430 2865; x_wconf 86' lang='lat' dir='ltr'>erit,</span> <span class='ocrx_word' id='word_1_220' title='bbox 440 2809 557 2865; x_wconf 89' lang='lat' dir='ltr'>contudit,</span> <span class='ocrx_word' id='word_1_221' title='bbox 569 2817 595 2857; x_wconf 88' lang='lat' dir='ltr'>ut</span> <span class='ocrx_word' id='word_1_222' title='bbox 605 2819 684 2857; x_wconf 78' lang='lat' dir='ltr'>essent</span> <span class='ocrx_word' id='word_1_223' title='bbox 698 2808 798 2866; x_wconf 77' lang='lat' dir='ltr'>reeime,</span> <span class='ocrx_word' id='word_1_224' title='bbox 847 2810 913 2857; x_wconf 82' lang='lat' dir='ltr'>baut.</span> <span class='ocrx_word' id='word_1_225' title='bbox 926 2809 983 2857; x_wconf 82' lang='lat' dir='ltr'>AEn.</span> <span class='ocrx_word' id='word_1_226' title='bbox 993 2807 1026 2857; x_wconf 79' lang='lat' dir='ltr'>vi.</span> <span class='ocrx_word' id='word_1_227' title='bbox 1037 2823 1085 2856; x_wconf 85' lang='lat' dir='ltr'>ver.</span> <span class='ocrx_word' id='word_1_228' title='bbox 1096 2809 1136 2855; x_wconf 82' lang='lat'>43.</span> <span class='ocrx_word' id='word_1_229' title='bbox 1170 2809 1286 2871; x_wconf 73' lang='lat' dir='ltr'>Sibyllae·</span> <span class='ocrx_word' id='word_1_230' title='bbox 1302 2807 1346 2856; x_wconf 89' lang='lat' dir='ltr'>edit</span> 
     </span>
     <span class='ocr_line' id='line_1_27' title="bbox 298 2879 1346 2948; baseline -0.008 -14"><span class='ocrx_word' id='word_1_231' title='bbox 298 2892 323 2934; x_wconf 87' lang='lat' dir='ltr'>et</span> <span class='ocrx_word' id='word_1_232' title='bbox 340 2903 355 2933; x_wconf 83' lang='lat' dir='ltr'>c</span> <span class='ocrx_word' id='word_1_233' title='bbox 368 2884 460 2948; x_wconf 83' lang='lat' dir='ltr'>fronte,</span> <span class='ocrx_word' id='word_1_234' title='bbox 477 2884 521 2931; x_wconf 81' lang='lat' dir='ltr'>rub</span> <span class='ocrx_word' id='word_1_235' title='bbox 542 2883 626 2932; x_wconf 81' lang='lat' dir='ltr'>fronte.</span> <span class='ocrx_word' id='word_1_236' title='bbox 657 2883 714 2932; x_wconf 87' lang='lat' dir='ltr'>Jam</span> <span class='ocrx_word' id='word_1_237' title='bbox 735 2883 798 2946; x_wconf 85' lang='lat' dir='ltr'>vulg.</span> <span class='ocrx_word' id='word_1_238' title='bbox 849 2883 939 2930; x_wconf 81' lang='lat' dir='ltr'>AEneae</span> <span class='ocrx_word' id='word_1_239' title='bbox 954 2880 1010 2929; x_wconf 86' lang='lat' dir='ltr'>olim</span> <span class='ocrx_word' id='word_1_240' title='bbox 1026 2882 1057 2930; x_wconf 86' lang='lat' dir='ltr'>ab</span> <span class='ocrx_word' id='word_1_241' title='bbox 1068 2879 1162 2929; x_wconf 81' lang='lat' dir='ltr'>Heleno</span> <span class='ocrx_word' id='word_1_242' title='bbox 1173 2882 1250 2942; x_wconf 83' lang='lat' dir='ltr'>(AEn.</span> <span class='ocrx_word' id='word_1_243' title='bbox 1261 2880 1296 2929; x_wconf 84' lang='lat' dir='ltr'>iii.</span> <span class='ocrx_word' id='word_1_244' title='bbox 1305 2882 1346 2929; x_wconf 76' lang='lat'>441</span> 
     </span>
     <span class='ocr_line' id='line_1_28' title="bbox 297 2953 1348 3019; baseline -0.003 -16"><span class='ocrx_word' id='word_1_245' title='bbox 297 2959 399 3005; x_wconf 71' lang='lat' dir='ltr'>remum</span> <span class='ocrx_word' id='word_1_246' title='bbox 413 2971 507 3005; x_wconf 83' lang='lat' dir='ltr'>semum</span> <span class='ocrx_word' id='word_1_247' title='bbox 523 2955 581 3003; x_wconf 89' lang='lat' dir='ltr'>mihi</span> <span class='ocrx_word' id='word_1_248' title='bbox 596 2955 694 3004; x_wconf 81' lang='lat' dir='ltr'>fundere</span> <span class='ocrx_word' id='word_1_249' title='bbox 706 2955 799 3005; x_wconf 86' lang='lat' dir='ltr'>videtur</span> <span class='ocrx_word' id='word_1_250' title='bbox 847 2954 937 3014; x_wconf 79' lang='lat'>-59.)</span> <span class='ocrx_word' id='word_1_251' title='bbox 957 2960 1041 3019; x_wconf 81' lang='lat' dir='ltr'>postea</span> <span class='ocrx_word' id='word_1_252' title='bbox 1061 2953 1092 3002; x_wconf 82' lang='lat' dir='ltr'>nb</span> <span class='ocrx_word' id='word_1_253' title='bbox 1110 2953 1221 3003; x_wconf 79' lang='lat' dir='ltr'>Anchisa</span> <span class='ocrx_word' id='word_1_254' title='bbox 1242 2963 1308 3018; x_wconf 83' lang='lat' dir='ltr'>putre</span> <span class='ocrx_word' id='word_1_255' title='bbox 1327 2953 1348 3000; x_wconf 87' lang='lat' dir='ltr'>in</span> 
     </span>
     <span class='ocr_line' id='line_1_29' title="bbox 297 3028 1348 3090; baseline -0.002 -11"><span class='ocrx_word' id='word_1_256' title='bbox 297 3029 355 3079; x_wconf 73' lang='lat' dir='ltr'>retis</span> <span class='ocrx_word' id='word_1_257' title='bbox 364 3030 467 3078; x_wconf 89' lang='lat' dir='ltr'>bonum:</span> <span class='ocrx_word' id='word_1_258' title='bbox 486 3028 564 3077; x_wconf 80' lang='lat' dir='ltr'>Neres</span> <span class='ocrx_word' id='word_1_259' title='bbox 578 3028 698 3077; x_wconf 89' lang='lat' dir='ltr'>hominum</span> <span class='ocrx_word' id='word_1_260' title='bbox 715 3028 798 3077; x_wconf 83' lang='lat' dir='ltr'>elatio·</span> <span class='ocrx_word' id='word_1_261' title='bbox 847 3029 935 3077; x_wconf 77' lang='lat' dir='ltr'>romnis</span> <span class='ocrx_word' id='word_1_262' title='bbox 953 3029 1055 3077; x_wconf 82' lang='lat' dir='ltr'>monitus</span> <span class='ocrx_word' id='word_1_263' title='bbox 1071 3029 1106 3090; x_wconf 82' lang='lat' dir='ltr'>(r.</span> <span class='ocrx_word' id='word_1_264' title='bbox 1124 3028 1264 3090; x_wconf 71' lang='lat' dir='ltr'>iol-37.)</span> <span class='ocrx_word' id='word_1_265' title='bbox 1281 3037 1308 3077; x_wconf 90' lang='lat' dir='ltr'>ut</span> <span class='ocrx_word' id='word_1_266' title='bbox 1322 3043 1348 3077; x_wconf 84' lang='lat' dir='ltr'>ee</span> 
     </span>
     <span class='ocr_line' id='line_1_30' title="bbox 297 3101 1348 3166; baseline -0.002 -13"><span class='ocrx_word' id='word_1_267' title='bbox 297 3117 334 3153; x_wconf 77' lang='lat' dir='ltr'>ree</span> <span class='ocrx_word' id='word_1_268' title='bbox 352 3110 377 3152; x_wconf 86' lang='lat' dir='ltr'>et</span> <span class='ocrx_word' id='word_1_269' title='bbox 395 3117 449 3150; x_wconf 88' lang='lat' dir='ltr'>curu</span> <span class='ocrx_word' id='word_1_270' title='bbox 468 3101 543 3150; x_wconf 80' lang='lat' dir='ltr'>fronte</span> <span class='ocrx_word' id='word_1_271' title='bbox 563 3110 705 3150; x_wconf 87' lang='lat' dir='ltr'>coeuntesa</span> <span class='ocrx_word' id='word_1_272' title='bbox 724 3102 799 3151; x_wconf 78' lang='lat' dir='ltr'>fronte</span> <span class='ocrx_word' id='word_1_273' title='bbox 847 3102 910 3152; x_wconf 89' lang='lat' dir='ltr'>duce</span> <span class='ocrx_word' id='word_1_274' title='bbox 930 3102 955 3151; x_wconf 91' lang='lat' dir='ltr'>in</span> <span class='ocrx_word' id='word_1_275' title='bbox 976 3117 1072 3166; x_wconf 82' lang='lat' dir='ltr'>campos</span> <span class='ocrx_word' id='word_1_276' title='bbox 1092 3101 1188 3165; x_wconf 78' lang='lat' dir='ltr'>Elysios</span> <span class='ocrx_word' id='word_1_277' title='bbox 1210 3102 1348 3158; x_wconf 73' lang='lat' dir='ltr'>descendet,</span> 
     </span>
     <span class='ocr_line' id='line_1_31' title="bbox 298 3173 1349 3240; baseline 0.001 -16"><span class='ocrx_word' id='word_1_278' title='bbox 298 3174 388 3224; x_wconf 79' lang='lat' dir='ltr'>remisit</span> <span class='ocrx_word' id='word_1_279' title='bbox 408 3185 433 3224; x_wconf 87' lang='lat' dir='ltr'>et</span> <span class='ocrx_word' id='word_1_280' title='bbox 454 3173 570 3223; x_wconf 85' lang='lat' dir='ltr'>contudit.</span> <span class='ocrx_word' id='word_1_281' title='bbox 612 3175 683 3238; x_wconf 82' lang='lat' dir='ltr'>Regii</span> <span class='ocrx_word' id='word_1_282' title='bbox 705 3174 799 3224; x_wconf 84' lang='lat' dir='ltr'>codices</span> <span class='ocrx_word' id='word_1_283' title='bbox 849 3175 1070 3240; x_wconf 80' lang='lat' dir='ltr'>lataqueinetantia</span> <span class='ocrx_word' id='word_1_284' title='bbox 1084 3184 1224 3239; x_wconf 76' lang='lat' dir='ltr'>cognoscet.</span> <span class='ocrx_word' id='word_1_285' title='bbox 1256 3175 1349 3226; x_wconf 76' lang='lat' dir='ltr'>Fundus</span> 
     </span>
     <span class='ocr_line' id='line_1_32' title="bbox 297 3246 1348 3314; baseline 0.003 -18"><span class='ocrx_word' id='word_1_286' title='bbox 297 3247 386 3298; x_wconf 80' lang='lat' dir='ltr'>hubent</span> <span class='ocrx_word' id='word_1_287' title='bbox 400 3249 530 3309; x_wconf 78' lang='lat' dir='ltr'>vulgatam.</span> <span class='ocrx_word' id='word_1_288' title='bbox 563 3246 686 3312; x_wconf 80' lang='lat' dir='ltr'>Exquisite</span> <span class='ocrx_word' id='word_1_289' title='bbox 702 3264 797 3309; x_wconf 78' lang='lat' dir='ltr'>perura-</span> <span class='ocrx_word' id='word_1_290' title='bbox 849 3248 1048 3297; x_wconf 77' lang='lat' dir='ltr'>fabulneetliic:</span> <span class='ocrx_word' id='word_1_291' title='bbox 1067 3249 1158 3296; x_wconf 84' lang='lat' dir='ltr'>AEueas</span> <span class='ocrx_word' id='word_1_292' title='bbox 1173 3257 1308 3314; x_wconf 76' lang='lat' dir='ltr'>antequam</span> <span class='ocrx_word' id='word_1_293' title='bbox 1322 3266 1348 3298; x_wconf 76' lang='lat' dir='ltr'>en</span> 
     </span>
     <span class='ocr_line' id='line_1_33' title="bbox 297 3320 1349 3388; baseline 0.003 -19"><span class='ocrx_word' id='word_1_294' title='bbox 297 3325 330 3369; x_wconf 81' lang='lat' dir='ltr'>vit</span> <span class='ocrx_word' id='word_1_295' title='bbox 344 3322 446 3385; x_wconf 78' lang='lat' dir='ltr'>(utArt.</span> <span class='ocrx_word' id='word_1_296' title='bbox 456 3323 509 3368; x_wconf 75' lang='lat' dir='ltr'>Am.</span> <span class='ocrx_word' id='word_1_297' title='bbox 518 3320 614 3379; x_wconf 71' lang='lat' dir='ltr'>ituro,</span> <span class='ocrx_word' id='word_1_298' title='bbox 628 3322 710 3369; x_wconf 87' lang='lat' dir='ltr'>llorat.</span> <span class='ocrx_word' id='word_1_299' title='bbox 720 3322 797 3386; x_wconf 79' lang='lat' dir='ltr'>Epod.</span> <span class='ocrx_word' id='word_1_300' title='bbox 845 3322 936 3372; x_wconf 80' lang='lat' dir='ltr'>Troade</span> <span class='ocrx_word' id='word_1_301' title='bbox 957 3322 1099 3378; x_wconf 83' lang='lat' dir='ltr'>discederet,</span> <span class='ocrx_word' id='word_1_302' title='bbox 1120 3322 1215 3373; x_wconf 83' lang='lat' dir='ltr'>adierat</span> <span class='ocrx_word' id='word_1_303' title='bbox 1235 3324 1349 3388; x_wconf 71' lang='lat' dir='ltr'>Sibyllam</span> 
     </span>
     <span class='ocr_line' id='line_1_34' title="bbox 297 3394 1350 3462; baseline 0.005 -20"><span class='ocrx_word' id='word_1_304' title='bbox 297 3395 349 3442; x_wconf 85' lang='lat' dir='ltr'>viii.</span> <span class='ocrx_word' id='word_1_305' title='bbox 360 3395 398 3450; x_wconf 85' lang='grc'>3.)</span> <span class='ocrx_word' id='word_1_306' title='bbox 416 3394 474 3458; x_wconf 84' lang='lat' dir='ltr'>quia</span> <span class='ocrx_word' id='word_1_307' title='bbox 489 3410 552 3456; x_wconf 74' lang='lat' dir='ltr'>ruge</span> <span class='ocrx_word' id='word_1_308' title='bbox 567 3395 640 3443; x_wconf 84' lang='lat' dir='ltr'>veluti</span> <span class='ocrx_word' id='word_1_309' title='bbox 656 3395 716 3444; x_wconf 88' lang='lat' dir='ltr'>sulci</span> <span class='ocrx_word' id='word_1_310' title='bbox 734 3406 797 3444; x_wconf 83' lang='lat' dir='ltr'>sunt.</span> <span class='ocrx_word' id='word_1_311' title='bbox 846 3396 1003 3461; x_wconf 80' lang='lat' dir='ltr'>Erythraeam,</span> <span class='ocrx_word' id='word_1_312' title='bbox 1021 3396 1046 3444; x_wconf 86' lang='lat' dir='ltr'>li.</span> <span class='ocrx_word' id='word_1_313' title='bbox 1057 3405 1136 3444; x_wconf 77' lang='lat' dir='ltr'>vetem</span> <span class='ocrx_word' id='word_1_314' title='bbox 1151 3397 1279 3459; x_wconf 80' lang='lat' dir='ltr'>quendum</span> <span class='ocrx_word' id='word_1_315' title='bbox 1295 3400 1350 3462; x_wconf 69' lang='lat' dir='ltr'>liq-</span> 
     </span>
     <span class='ocr_line' id='line_1_35' title="bbox 299 3467 1350 3532; baseline 0.008 -18"><span class='ocrx_word' id='word_1_316' title='bbox 299 3467 362 3517; x_wconf 87' lang='lat' dir='ltr'>Hinc</span> <span class='ocrx_word' id='word_1_317' title='bbox 380 3483 451 3532; x_wconf 79' lang='lat' dir='ltr'>supra</span> <span class='ocrx_word' id='word_1_318' title='bbox 468 3467 504 3516; x_wconf 88' lang='lat' dir='ltr'>iii.</span> <span class='ocrx_word' id='word_1_319' title='bbox 521 3468 580 3516; x_wconf 74' lang='lat'>276.</span> <span class='ocrx_word' id='word_1_320' title='bbox 600 3468 702 3517; x_wconf 81' lang='lat' dir='ltr'>Sulcooit</span> <span class='ocrx_word' id='word_1_321' title='bbox 723 3480 797 3519; x_wconf 73' lang='lat' dir='ltr'>eutem</span> <span class='ocrx_word' id='word_1_322' title='bbox 845 3469 939 3519; x_wconf 86' lang='lat' dir='ltr'>thrisin</span> <span class='ocrx_word' id='word_1_323' title='bbox 951 3469 1063 3528; x_wconf 77' lang='lat' dir='ltr'>AEolide3</span> <span class='ocrx_word' id='word_1_324' title='bbox 1081 3468 1184 3532; x_wconf 77' lang='lat' dir='ltr'>Dionys.</span> <span class='ocrx_word' id='word_1_325' title='bbox 1194 3471 1350 3521; x_wconf 59' lang='lat' dir='ltr'>Edicto&amp;</span> 
     </span>
     <span class='ocr_line' id='line_1_36' title="bbox 298 3540 1349 3608; baseline 0.007 -20"><span class='ocrx_word' id='word_1_326' title='bbox 298 3542 371 3603; x_wconf 82' lang='lat' dir='ltr'>rugii.</span> <span class='ocrx_word' id='word_1_327' title='bbox 384 3540 528 3601; x_wconf 71' lang='lat' dir='ltr'>Pouequerr&#39;,</span> <span class='ocrx_word' id='word_1_328' title='bbox 537 3550 629 3601; x_wconf 78' lang='lat' dir='ltr'>utporre</span> <span class='ocrx_word' id='word_1_329' title='bbox 638 3543 697 3603; x_wconf 84' lang='lat' dir='ltr'>loqui</span> <span class='ocrx_word' id='word_1_330' title='bbox 706 3542 733 3591; x_wconf 91' lang='lat' dir='ltr'>ii.</span> <span class='ocrx_word' id='word_1_331' title='bbox 741 3544 797 3593; x_wconf 80' lang='grc'><strong>483.</strong></span> <span class='ocrx_word' id='word_1_332' title='bbox 845 3545 861 3593; x_wconf 85' lang='lat' dir='ltr'>J</span> <span class='ocrx_word' id='word_1_333' title='bbox 864 3557 901 3590; x_wconf 84' lang='lat' dir='ltr'>am</span> <span class='ocrx_word' id='word_1_334' title='bbox 919 3560 993 3608; x_wconf 90' lang='lat' dir='ltr'>quum</span> <span class='ocrx_word' id='word_1_335' title='bbox 1005 3543 1087 3593; x_wconf 73' lang='lat' dir='ltr'>Come</span> <span class='ocrx_word' id='word_1_336' title='bbox 1105 3542 1130 3591; x_wconf 87' lang='lat' dir='ltr'>in</span> <span class='ocrx_word' id='word_1_337' title='bbox 1141 3543 1217 3593; x_wconf 79' lang='lat' dir='ltr'>ltnlie</span> <span class='ocrx_word' id='word_1_338' title='bbox 1231 3561 1263 3594; x_wconf 80' lang='lat' dir='ltr'>ex</span> <span class='ocrx_word' id='word_1_339' title='bbox 1274 3546 1349 3596; x_wconf 83' lang='lat' dir='ltr'>Cuma</span> 
     </span>
    </p>

    <p class='ocr_par' dir='ltr' id='par_1_6' title="bbox 296 3613 1353 4196">
     <span class='ocr_line' id='line_1_37' title="bbox 334 3613 1351 3682; baseline 0.01 -22"><span class='ocrx_word' id='word_1_340' title='bbox 334 3614 388 3660; x_wconf 91' lang='grc'>101.</span> <span class='ocrx_word' id='word_1_341' title='bbox 406 3613 576 3673; x_wconf 75' lang='lat' dir='ltr'>Parthenopeia</span> <span class='ocrx_word' id='word_1_342' title='bbox 591 3618 683 3669; x_wconf 74' lang='lat' dir='ltr'>munio,</span> <span class='ocrx_word' id='word_1_343' title='bbox 701 3615 797 3681; x_wconf 84' lang='lat' dir='ltr'>Neapo-</span> <span class='ocrx_word' id='word_1_344' title='bbox 847 3617 950 3667; x_wconf 74' lang='lat' dir='ltr'>AEolidis</span> <span class='ocrx_word' id='word_1_345' title='bbox 957 3618 1053 3666; x_wconf 73' lang='lat' dir='ltr'>colonos</span> <span class='ocrx_word' id='word_1_346' title='bbox 1061 3617 1183 3682; x_wconf 80' lang='lat' dir='ltr'>accepisse</span> <span class='ocrx_word' id='word_1_347' title='bbox 1191 3619 1351 3673; x_wconf 84' lang='lat' dir='ltr'>crederentur.</span> 
     </span>
     <span class='ocr_line' id='line_1_38' title="bbox 296 3684 1352 3757; baseline 0.007 -21"><span class='ocrx_word' id='word_1_348' title='bbox 296 3685 336 3742; x_wconf 77' lang='lat' dir='ltr'>lis,</span> <span class='ocrx_word' id='word_1_349' title='bbox 345 3686 376 3734; x_wconf 85' lang='lat' dir='ltr'>ub</span> <span class='ocrx_word' id='word_1_350' title='bbox 385 3700 433 3733; x_wconf 82' lang='lat' dir='ltr'>una</span> <span class='ocrx_word' id='word_1_351' title='bbox 443 3684 553 3735; x_wconf 86' lang='lat' dir='ltr'>Sirenum</span> <span class='ocrx_word' id='word_1_352' title='bbox 563 3685 597 3734; x_wconf 88' lang='lat' dir='ltr'>sic</span> <span class='ocrx_word' id='word_1_353' title='bbox 608 3687 689 3748; x_wconf 75' lang='lat' dir='ltr'>dictn5</span> <span class='ocrx_word' id='word_1_354' title='bbox 705 3689 797 3740; x_wconf 71' lang='lat' dir='ltr'>Siluii.</span> <span class='ocrx_word' id='word_1_355' title='bbox 847 3688 872 3738; x_wconf 94' lang='lat' dir='ltr'>in</span> <span class='ocrx_word' id='word_1_356' title='bbox 881 3691 1040 3741; x_wconf 80' lang='lat' dir='ltr'>Italiaautem</span> <span class='ocrx_word' id='word_1_357' title='bbox 1053 3708 1100 3740; x_wconf 89' lang='lat' dir='ltr'>non</span> <span class='ocrx_word' id='word_1_358' title='bbox 1108 3691 1188 3740; x_wconf 82' lang='lat' dir='ltr'>minus</span> <span class='ocrx_word' id='word_1_359' title='bbox 1199 3693 1300 3757; x_wconf 67' lang='lat' dir='ltr'>Sibylla</span> <span class='ocrx_word' id='word_1_360' title='bbox 1311 3695 1352 3743; x_wconf 85' lang='lat' dir='ltr'>eli·</span> 
     </span>
     <span class='ocr_line' id='line_1_39' title="bbox 298 3759 1353 3830; baseline 0.006 -22"><span class='ocrx_word' id='word_1_361' title='bbox 298 3761 339 3808; x_wconf 73' lang='lat'>32</span> <span class='ocrx_word' id='word_1_362' title='bbox 372 3759 467 3807; x_wconf 76' lang='lat' dir='ltr'>AEolidae</span> <span class='ocrx_word' id='word_1_363' title='bbox 489 3762 599 3816; x_wconf 73' lang='lat' dir='ltr'>ritmolm,</span> <span class='ocrx_word' id='word_1_364' title='bbox 616 3760 640 3810; x_wconf 81' lang='lat' dir='ltr'>li.</span> <span class='ocrx_word' id='word_1_365' title='bbox 660 3775 795 3827; x_wconf 85' lang='lat' dir='ltr'>promonto·</span> <span class='ocrx_word' id='word_1_366' title='bbox 846 3765 914 3829; x_wconf 89' lang='lat' dir='ltr'>cujus</span> <span class='ocrx_word' id='word_1_367' title='bbox 931 3765 1014 3830; x_wconf 71' lang='lat' dir='ltr'>prisce</span> <span class='ocrx_word' id='word_1_368' title='bbox 1029 3765 1141 3814; x_wconf 84' lang='lat' dir='ltr'>memorie</span> <span class='ocrx_word' id='word_1_369' title='bbox 1152 3766 1353 3823; x_wconf 79' lang='lat' dir='ltr'>circumferretur,</span> 
     </span>
     <span class='ocr_line' id='line_1_40' title="bbox 297 3832 1352 3905; baseline 0.008 -22"><span class='ocrx_word' id='word_1_370' title='bbox 297 3833 366 3888; x_wconf 85' lang='lat' dir='ltr'>rium,</span> <span class='ocrx_word' id='word_1_371' title='bbox 379 3832 443 3898; x_wconf 91' lang='lat' dir='ltr'>quod</span> <span class='ocrx_word' id='word_1_372' title='bbox 454 3833 524 3898; x_wconf 85' lang='lat' dir='ltr'>paulo</span> <span class='ocrx_word' id='word_1_373' title='bbox 534 3844 610 3898; x_wconf 84' lang='lat' dir='ltr'>pastu</span> <span class='ocrx_word' id='word_1_374' title='bbox 622 3836 724 3894; x_wconf 85' lang='lat' dir='ltr'>Miseno,</span> <span class='ocrx_word' id='word_1_375' title='bbox 733 3838 797 3887; x_wconf 82' lang='lat' dir='ltr'>AEoli</span> <span class='ocrx_word' id='word_1_376' title='bbox 846 3839 957 3888; x_wconf 86' lang='lat' dir='ltr'>Cumana</span> <span class='ocrx_word' id='word_1_377' title='bbox 967 3839 1009 3888; x_wconf 89' lang='lat' dir='ltr'>illa</span> <span class='ocrx_word' id='word_1_378' title='bbox 1019 3848 1043 3888; x_wconf 87' lang='lat' dir='ltr'>et</span> <span class='ocrx_word' id='word_1_379' title='bbox 1053 3840 1176 3904; x_wconf 76' lang='lat' dir='ltr'>Erythraea</span> <span class='ocrx_word' id='word_1_380' title='bbox 1187 3857 1232 3905; x_wconf 83' lang='lat' dir='ltr'>pro</span> <span class='ocrx_word' id='word_1_381' title='bbox 1242 3843 1329 3893; x_wconf 83' lang='lat' dir='ltr'>endem</span> <span class='ocrx_word' id='word_1_382' title='bbox 1339 3859 1352 3891; x_wconf 85' lang='lat' dir='ltr'>e</span> 
     </span>
     <span class='ocr_line' id='line_1_41' title="bbox 298 3908 1352 3981; baseline 0.009 -26"><span class='ocrx_word' id='word_1_383' title='bbox 298 3908 355 3966; x_wconf 78' lang='lat' dir='ltr'>filio,</span> <span class='ocrx_word' id='word_1_384' title='bbox 368 3908 472 3959; x_wconf 86' lang='lat' dir='ltr'>tubicine</span> <span class='ocrx_word' id='word_1_385' title='bbox 486 3909 576 3966; x_wconf 82' lang='lat' dir='ltr'>classis,</span> <span class='ocrx_word' id='word_1_386' title='bbox 588 3926 674 3959; x_wconf 87' lang='lat' dir='ltr'>nomen</span> <span class='ocrx_word' id='word_1_387' title='bbox 689 3912 797 3977; x_wconf 73' lang='lat' dir='ltr'>accepit,</span> <span class='ocrx_word' id='word_1_388' title='bbox 847 3914 967 3962; x_wconf 79' lang='lat' dir='ltr'>nonnullis</span> <span class='ocrx_word' id='word_1_389' title='bbox 976 3913 1056 3961; x_wconf 85' lang='lat' dir='ltr'>haberi</span> <span class='ocrx_word' id='word_1_390' title='bbox 1066 3913 1155 3977; x_wconf 72' lang='lat' dir='ltr'>erepit,</span> <span class='ocrx_word' id='word_1_391' title='bbox 1166 3913 1222 3963; x_wconf 86' lang='lat' dir='ltr'>vide</span> <span class='ocrx_word' id='word_1_392' title='bbox 1231 3916 1352 3981; x_wconf 80' lang='lat' dir='ltr'>Heyniurn</span> 
     </span>
     <span class='ocr_line' id='line_1_42' title="bbox 298 3982 1353 4048; baseline 0.009 -18"><span class='ocrx_word' id='word_1_393' title='bbox 298 3982 399 4047; x_wconf 86' lang='lat' dir='ltr'>Dionys.</span> <span class='ocrx_word' id='word_1_394' title='bbox 417 3982 496 4034; x_wconf 78' lang='lat' dir='ltr'>Helie.</span> <span class='ocrx_word' id='word_1_395' title='bbox 512 3982 531 4031; x_wconf 86' lang='lat' dir='ltr'>i.</span> <span class='ocrx_word' id='word_1_396' title='bbox 550 3985 590 4032; x_wconf 80' lang='lat'>5³.</span> <span class='ocrx_word' id='word_1_397' title='bbox 623 3987 714 4034; x_wconf 78' lang='lat' dir='ltr'>AEnean</span> <span class='ocrx_word' id='word_1_398' title='bbox 733 3986 797 4034; x_wconf 85' lang='lat' dir='ltr'>enirn</span> <span class='ocrx_word' id='word_1_399' title='bbox 846 3984 877 4034; x_wconf 79' lang='lat' dir='ltr'>ad</span> <span class='ocrx_word' id='word_1_400' title='bbox 887 3987 1092 4044; x_wconf 82' lang='lat' dir='ltr'>l&#39;ibullum,ll.v.</span> <span class='ocrx_word' id='word_1_401' title='bbox 1104 3989 1142 4036; x_wconf 82' lang='lat'>19.</span> <span class='ocrx_word' id='word_1_402' title='bbox 1181 3987 1353 4048; x_wconf 68' lang='lat' dir='ltr'>Virucierride</span> 
     </span>
     <span class='ocr_line' id='line_1_43' title="bbox 297 4055 1353 4126; baseline 0.009 -24"><span class='ocrx_word' id='word_1_403' title='bbox 297 4055 359 4103; x_wconf 81' lang='lat' dir='ltr'>inira</span> <span class='ocrx_word' id='word_1_404' title='bbox 376 4055 465 4105; x_wconf 84' lang='lat' dir='ltr'>Cumae</span> <span class='ocrx_word' id='word_1_405' title='bbox 482 4072 591 4120; x_wconf 79' lang='lat' dir='ltr'>egressus</span> <span class='ocrx_word' id='word_1_406' title='bbox 607 4058 686 4106; x_wconf 85' lang='lat' dir='ltr'>statim</span> <span class='ocrx_word' id='word_1_407' title='bbox 703 4069 796 4109; x_wconf 85' lang='lat' dir='ltr'>antrum</span> <span class='ocrx_word' id='word_1_408' title='bbox 847 4075 900 4108; x_wconf 83' lang='lat' dir='ltr'>mox</span> <span class='ocrx_word' id='word_1_409' title='bbox 913 4077 962 4111; x_wconf 83' lang='lat' dir='ltr'>rer.</span> <span class='ocrx_word' id='word_1_410' title='bbox 976 4063 1021 4110; x_wconf 77' lang='lat'>132</span> <span class='ocrx_word' id='word_1_411' title='bbox 1040 4079 1094 4126; x_wconf 86' lang='lat' dir='ltr'>sqq.</span> <span class='ocrx_word' id='word_1_412' title='bbox 1127 4062 1166 4110; x_wconf 88' lang='lat' dir='ltr'>De</span> <span class='ocrx_word' id='word_1_413' title='bbox 1185 4065 1289 4114; x_wconf 66' lang='lat' dir='ltr'>Amnis</span> <span class='ocrx_word' id='word_1_414' title='bbox 1301 4064 1353 4114; x_wconf 86' lang='lat' dir='ltr'>vide</span> 
     </span>
     <span class='ocr_line' id='line_1_44' title="bbox 297 4128 965 4196; baseline 0.015 -22"><span class='ocrx_word' id='word_1_415' title='bbox 297 4128 394 4191; x_wconf 79' lang='lat' dir='ltr'>Sibylla</span> <span class='ocrx_word' id='word_1_416' title='bbox 411 4128 492 4178; x_wconf 84' lang='lat' dir='ltr'>intrat.</span> <span class='ocrx_word' id='word_1_417' title='bbox 526 4129 562 4177; x_wconf 90' lang='lat' dir='ltr'>lbi</span> <span class='ocrx_word' id='word_1_418' title='bbox 573 4147 646 4194; x_wconf 88' lang='lat' dir='ltr'>quum</span> <span class='ocrx_word' id='word_1_419' title='bbox 661 4147 795 4196; x_wconf 83' lang='lat' dir='ltr'>responsum</span> <span class='ocrx_word' id='word_1_420' title='bbox 846 4133 877 4182; x_wconf 86' lang='lat' dir='ltr'>ad</span> <span class='ocrx_word' id='word_1_421' title='bbox 889 4151 912 4183; x_wconf 78' lang='grc' dir='ltr'>ι.</span> <span class='ocrx_word' id='word_1_422' title='bbox 924 4137 965 4184; x_wconf 76' lang='grc'>51.</span> 
     </span>
    </p>
   </div>
   <div class='ocr_carea' id='block_1_6' title="bbox 0 0 1398 5004">
    <p class='ocr_par' dir='ltr' id='par_1_7' title="bbox 0 0 1398 5004">
     <span class='ocr_line' id='line_1_45' title="bbox 0 0 1398 5004; baseline 0 0"><span class='ocrx_word' id='word_1_423' title='bbox 0 0 1398 5004; x_wconf 95' lang='lat' dir='ltr'> </span> 
     </span>
    </p>
   </div>
   <div class='ocr_carea' id='block_1_7' title="bbox 1383 39 1389 1323">
    <p class='ocr_par' dir='ltr' id='par_1_8' title="bbox 1383 39 1389 1323">
     <span class='ocr_line' id='line_1_46' title="bbox 1383 39 1389 1323; baseline 0 0"><span class='ocrx_word' id='word_1_424' title='bbox 1383 39 1389 1323; x_wconf 95' lang='lat' dir='ltr'> </span> 
     </span>
    </p>
   </div>
  </div>
 </body>
</html>
