2774 5004
182 328 251 395 808
423 328 432 335 ’
472 326 518 392 1¹.
539 325 704 393 ovum
725 327 941 396 NASONIS
960 331 981 387 ζ’

182 500 327 575 Pectus
343 500 500 586 habens,
520 500 631 574 silvas
649 511 841 600 captatam
860 505 964 601 saep'e
980 525 1049 601 per
1065 527 1186 580 omnes

182 616 332 716 Aspicit
348 616 559 715 Hesperien
578 618 699 716 patria
718 618 933 693 Cebrenida
950 619 1046 717 ripa,

183 732 349 829 lnjectos
367 733 532 807 humeris
551 734 756 808 siccantem
775 736 854 808 sole
872 735 1045 833 capillos.
1151 739 1210 807 770

182 848 275 924 Visa
291 848 387 944 fugit
405 849 597 947 Nymphe,
616 849 731 922 veluti
750 851 951 947 perterrita
967 849 1114 923 sulvum

183 961 306 1037 Cerva
322 963 466 1061 lupum,
484 965 673 1062 longeque
690 966 776 1038 lacu
793 966 982 1063 deprensa
998 965 1132 1038 relicto

183 1077 414 1176 Accipitrem
432 1079 591 1152 fluvialis
610 1103 724 1154 anas:
752 1104 867 1178 quam
885 1080 1021 1153 Troius
1039 1081 1150 1153 heros
1253 1158 1255 1179 ἱ

184 1193 414 1290 Insequitur,
432 1194 671 1291 celeremque
688 1205 791 1268 metu
810 1196 910 1269 celer
927 1206 1039 1291 urget
1056 1219 1206 1269 amora·
1233 1200 1255 1273 ,ἱ

183 1307 285 1383 Ecce
302 1308 424 1383 latens
442 1309 559 1383 herba
575 1309 730 1383 coluber
747 1310 927 1405 fugientis
945 1311 1098 1383 adunco
1156 1312 1212 1383 775
1253 1324 1255 1329 ·

184 1424 310 1499 Dente
327 1423 463 1522 pedem
482 1424 645 1511 strinxit,
664 1425 841 1521 virusque
860 1426 898 1496 in
916 1448 1074 1522 corpore
1092 1424 1201 1521 liquit.

184 1540 282 1642 Cum
299 1540 378 1614 vita
394 1563 597 1638 suppressa
613 1540 703 1635 suga
720 1550 800 1612 est:
830 1539 1073 1636 amplectitur
1090 1562 1208 1612 amens

183 1653 420 1741 Exanimem,
440 1655 667 1752 clamatque,
689 1663 712 1691 “
730 1653 854 1750 Piget,
875 1654 981 1754 piget
1007 1677 1096 1727 esse
1122 1678 1213 1728 secu-

331 1781 434 1845 tum:
1155 1773 1214 1841 778

185 1887 262 1962 Sed
280 1912 354 1961 non
371 1887 442 1961 hoc
460 1887 590 1976 timui;
618 1911 688 1961 nec
708 1897 788 1960 erat
804 1885 896 1960 mihi
913 1885 1066 1960 vincere
1084 1886 1187 1960 tanti.

182 2003 423 2076 Perdidimus
437 2001 611 2074 miseram
630 2012 749 2075 noste
766 2003 859 2075 duo:
880 2002 1014 2075 vulnus
1029 2002 1078 2075 ab
1094 2025 1215 2098 angue,

181 2118 216 2191 A
235 2143 295 2192 me
313 2141 428 2192 causa
444 2116 534 2191 data
550 2128 629 2191 est:
658 2142 729 2214 ego
747 2118 818 2191 sim
836 2117 1053 2191 sceleratior
1072 2117 1151 2205 illo,

184 2232 235 2307 Ni
252 2233 322 2308 tibi
339 2244 460 2306 morte
477 2256 562 2306 mea
578 2233 706 2306 mortis
726 2233 860 2306 solatia
876 2232 1065 2305 mittam.”

183 2347 312 2438 Dixit3
342 2360 381 2423 et
398 2373 419 2422 e
437 2349 605 2446 scopulo,
626 2371 740 2445 quem
758 2372 872 2422 rauca
889 2348 1098 2422 subederat
1115 2348 1218 2432 unda,

182 2464 236 2540 Se
253 2464 358 2539 dedit
375 2464 413 2537 in
431 2473 609 2563 pontum:
639 2462 782 2561 Tethys
800 2463 978 2536 miserata
995 2464 1196 2538 cadentem

182 2580 351 2654 Molliter
368 2580 532 2677 excepit,
551 2589 781 2676 nantemque
798 2603 865 2677 per
883 2603 1036 2676 aequora
1055 2580 1188 2679 pennis

180 2695 316 2792 Texit3
345 2708 384 2771 et
400 2707 540 2795 optatae
559 2721 633 2769 non
653 2705 713 2768 est
730 2695 820 2768 data
837 2696 945 2792 copia
962 2696 1109 2770 mortis.
1156 2697 1219 2768 780

183 2812 403 2908 Indignatur
421 2836 550 2885 amans
568 2812 723 2884 invitum
742 2813 864 2885 vivere
882 2812 979 2907 cogi,

184 2925 414 3023 Obstarique
432 2928 579 3013 animae,
597 2926 733 3000 misera
751 2926 799 3000 de
817 2927 907 3001 sede
928 2926 1068 2999 volenti

214 3127 272 3175 777.
285 3126 382 3190 Germ]
401 3127 505 3184 Quidam
516 3145 588 3191 agua.
606 3125 676 3190 Regii
760 3128 816 3176 780.
834 3128 908 3183 Sedes,
925 3142 1018 3190 corpus.
1052 3125 1106 3175 Cic.
1123 3126 1196 3175 Tusc.
1210 3124 1224 3173 i.

182 3200 253 3249 nostri
265 3217 339 3250 cervo.
356 3202 408 3249 Hoc
419 3209 482 3249 recte
493 3216 518 3249 se
530 3201 609 3255 habet,
621 3214 677 3247 nam
726 3202 766 3249 24.
777 3202 933 3258 donricilium5
952 3201 1064 3248 [actaut.
1082 3201 1108 3248 ii.
1120 3201 1145 3248 0.
1155 3216 1225 3261 recep·

180 3281 205 3322 et
215 3279 284 3331 cerci,
296 3276 400 3336 luporum
410 3277 488 3337 preda
498 3276 616 3336 rapacium
627 3274 677 3321 Ho-
727 3277 845 3332 tacidum
866 3274 949 3323 AEsch.
966 3276 1030 3322 Socr.
1044 3273 1080 3322 iii.
1092 3278 1116 3323 5.
1131 3279 1224 3334 σκῆνος.

181 3354 225 3395 rat.
242 3346 287 3395 lv.
304 3348 352 3395 Od.
368 3348 399 3396 iv.
415 3350 462 3406 5ος
480 3348 501 3395 1.
518 3347 566 3395 Od.
583 3363 622 3393 ιν.
636 3348 678 3394 20.
727 3351 844 3397 desumere
852 3351 901 3396 alos
908 3348 978 3396 etiam
991 3347 1031 3397 rii.
1041 3351 1066 3396 l.
1076 3364 1118 3413 pro
1127 3348 1224 3415 simplici

181 3419 222 3467 ubi
242 3421 326 3469 cadem
347 3420 484 3469 similitudo.
523 3422 676 3482 celeremque,
727 3440 825 3479 siemera
842 3423 894 3470 Art.
907 3424 987 3472 Amat.
999 3423 1033 3471 iii.
1046 3425 1103 3471 147.
1115 3433 1224 3484 cmtmpte

180 3500 229 3540 etc.
240 3493 257 3540 i.
268 3495 315 3541 589
326 3509 362 3555 sq.
389 3492 518 3556 Sequentia
528 3492 595 3540 aliter
606 3493 678 3541 habet
728 3500 797 3559 lyra,⁸
823 3496 939 3552 Velleius,
964 3498 986 3544 l.
1009 3498 1041 3545 xi.
1065 3499 1087 3546 l.
1109 3500 1225 3560 asumpsit

183 3564 352 3629 Apollodorus:
364 3565 433 3612 duxit
441 3566 504 3612 enim
512 3579 563 3611 eam
572 3581 677 3624 uxorem,
726 3572 792 3634 regni
804 3573 938 3634 insignibus.
971 3572 1030 3618 Mox
1045 3569 1170 3634 ingeniose
1185 3588 1223 3619 cs·

180 3646 205 3685 et
217 3637 316 3686 πενθῶν
326 3636 507 3686 ἀποθανοῦσαν
515 3636 677 3701 ἀπωρνεώθη,
725 3643 826 3706 plicatur
840 3652 923 3690 natura
937 3643 1020 3706 mergi.
1053 3644 1101 3691 Pro
1115 3647 1224 3699 subooht,

181 3711 265 3773 lugens
275 3719 391 3758 mortuam
400 3710 424 3758 iu
436 3726 504 3759 avem
519 3719 624 3760 mutatus
634 3720 677 3760 est.
726 3717 829 3765 Cantab.
841 3718 913 3766 habet
924 3719 1014 3775 eoolot;
1032 3727 1162 3782 utrumque
1175 3734 1223 3766 ver·

214 3786 270 3833 781.
288 3785 350 3833 Vide
361 3785 390 3833 ad
402 3786 458 3834 702.
484 3786 579 3835 Mittere
587 3789 677 3844 solatia,
725 3792 782 3839 bum
793 3791 913 3855 significat
923 3796 948 3840 in
957 3792 1032 3840 altum
1044 3792 1137 3840 volare.
1156 3791 1223 3856 Regii

179 3866 207 3907 ut
218 3862 307 3907 mittere
317 3859 421 3924 inferias,
433 3877 528 3909 manera
538 3863 631 3908 umbris.
725 3867 797 3914 nostri
812 3868 923 3924 rrebcclut,
941 3866 1004 3931 quod
1022 3867 1111 3915 rectius
1127 3882 1225 3925 ceuse03

212 3933 269 3981 780.
282 3933 474 3990 Rauca,raucum
486 3950 568 3982 sonum
578 3934 675 3991 taciens,
725 3954 779 3987 narn
797 3955 826 3988 es
843 3955 872 3988 eo
888 3940 950 4004 quod
967 3939 1060 3993 Cicero,
1072 3939 1145 3988 Tusc-
1155 3939 1173 3987 i.
1184 3941 1223 3986 40.

178 4014 206 4055 ut
221 4021 319 4054 raucam
334 4024 372 4056 as.
401 4008 431 4055 Se
444 4010 552 4063 ueratro
568 4007 674 4071 pweipi·
724 4013 823 4061 dixerit:
841 4018 859 4061 si
877 4016 1014 4062 desursum
1031 4018 1101 4062 rectis
1118 4016 1185 4062 lineis
1200 4017 1223 4060 is

178 4081 254 4141 tavit3
274 4081 368 4146 plenius
391 4081 514 4146 Virgilius,
535 4082 621 4144 Georg.
641 4079 674 4129 ir·
724 4087 831 4135 celestem
843 4091 916 4136 loram
927 4090 1053 4145 atloolast,
1062 4103 1111 4136 nou
1121 4088 1179 4136 inde
1189 4102 1223 4135 se-

178 4155 240 4204 828.
255 4171 278 4204 ss
288 4159 360 4217 jueta
377 4158 440 4211 dedit
457 4172 531 4219 equor
548 4158 573 4203 is
588 4157 673 4203 altrea.
723 4159 804 4224 quitur
820 4161 884 4226 apud
901 4176 983 4210 omnes
999 4163 1067 4212 bona
1085 4170 1148 4210 ruste
1165 4161 1222 4209 uio·
