2774 5004
287 327 330 391 72
579 324 619 389 Ρ.
643 319 805 390 ovlnn
829 321 1043 390 NASONIS

288 497 506 596 Elaborque
523 499 614 587 viro,
632 499 786 594 longum
803 497 985 573 formatus
1003 497 1041 570 in
1060 492 1239 592 anguem.

287 612 363 698 Qui
380 624 581 712 postquam
598 615 720 689 flexos
738 615 883 690 sinuavi
900 637 1038 712 corpus
1056 612 1095 685 in
1112 609 1240 695 orbes,

288 729 466 826 Cumque
482 728 561 804 sero
577 731 676 803 movi
691 730 859 827 linguam
877 730 1036 803 stridore
1052 727 1254 811 bisulcum,
1291 727 1335 797 65

289 843 404 931 Risit,
423 854 463 917 et
479 842 641 919 illudens
659 856 806 920 nostres
824 844 1045 944 Tirynthius
1062 852 1187 930 artes;

289 959 523 1034 “Cunarum
540 960 645 1034 labor
663 972 721 1036 est
737 985 880 1058 angues
899 982 1077 1057 superare
1094 952 1302 1040 mearum,”

261 1068 264 1073 “
289 1073 419 1163 Dixit3
450 1083 474 1114 “
488 1085 539 1161 et,
558 1086 601 1149 ut
616 1074 746 1150 vincas
764 1077 869 1162 alios,
890 1074 1070 1161 Acheloe,
1089 1073 1289 1154 dracones,

290 1188 385 1264 Pars
404 1199 520 1288 quotu
538 1193 702 1266 Lernaeae
720 1214 876 1289 serpens
892 1190 965 1265 eris
982 1213 1080 1262 unus
1098 1183 1308 1260 Echidnaet

289 1304 518 1380 Vulneribus
536 1305 713 1380 soecunda
729 1307 808 1380 suis
826 1305 898 1380 erit
914 1305 1000 1378 illa:
1029 1327 1098 1378 nec
1117 1301 1238 1374 ullum
1290 1305 1332 1373 70

291 1421 351 1496 De
369 1433 521 1497 centum
539 1447 694 1497 numero
712 1434 828 1522 caput
845 1434 904 1497 est
920 1422 1075 1520 impune
1092 1420 1271 1503 recisum,

289 1536 391 1621 Quin
409 1539 559 1636 gemino
576 1539 703 1612 cervix
721 1539 869 1612 haerede
886 1536 1069 1610 valentior
1085 1544 1201 1609 esset.

289 1651 400 1727 Hauc
418 1677 489 1749 ego
507 1677 693 1728 ramosam
711 1655 808 1728 natis
826 1679 848 1728 e
865 1650 970 1727 eaede
984 1651 1162 1736 colubris,

290 1855 387 1901 medicas
403 1847 476 1901 ortes.-
497 1852 539 1901 sed
557 1852 660 1902 Remed.
676 1855 735 1903 207.
751 1870 787 1902 ss·

291 1935 366 1974 metas
375 1928 496 1976 deeumrs
504 1929 535 1974 sd
545 1936 606 1975 artes
613 1943 623 1986 ς
639 1925 695 1976 Art.
706 1927 788 1978 Amat.

289 1999 316 2049 ii.
331 2001 373 2049 99.
391 2000 520 2050 Hemoniae
536 2003 658 2050 dwurrers
673 2005 704 2052 ad
720 2012 788 2052 artes.

290 2072 339 2124 Ills
345 2073 526 2133 transformatio,
533 2074 564 2124 de
575 2091 624 2140 qus
629 2075 788 2141 Apollodorus

291 2146 352 2196 nihil
363 2148 443 2207 babet,
450 2148 507 2199 inde
513 2157 560 2206 est,
569 2149 628 2214 quis
635 2149 788 2216 fluvii,prop·

289 2231 327 2272 tes
337 2231 467 2273 tortuosum
477 2223 614 2282 decursum,
625 2240 680 2273 enm
691 2241 787 2290 serpen·

291 2296 356 2345 tibus
382 2297 513 2364 computati
533 2297 618 2348 solent.
657 2299 787 2358 rmum,

290 2369 478 2420 trsnslormstus.

324 2445 366 2492 64.
384 2444 464 2494 Flexos
479 2452 572 2495 mutum
588 2452 664 2495 ornet.
673 2446 788 2496 Claudiu-

292 2533 336 2567 nus
352 2518 429 2568 Lsud.
438 2518 515 2569 stilic.
525 2519 542 2568 i.
551 2521 685 2584 mylasa
697 2522 722 2567 in
729 2521 786 2584 fnl-

290 2608 337 2641 een
352 2604 448 2642 eurum
461 2595 559 2659 gladios.
592 2594 690 2642 Sinssuvi
703 2593 788 2644 melius

290 2681 373 2730 quam,
390 2668 496 2719 curvavi.
535 2668 652 2733 Linguam
671 2670 788 2719 bubum

289 2740 336 2791 Sex
353 2741 416 2800 libri,
430 2744 557 2792 trisulcum.
574 2741 646 2807 Regii
663 2743 744 2799 nostri,
754 2745 788 2792 lli·

290 2817 386 2866 micum.
401 2816 468 2865 Alibi
479 2818 528 2866 fere
539 2818 635 2865 trisulca
646 2819 728 2882 lingum
738 2834 788 2867 ser-

290 2890 401 2956 pentibus
411 2891 530 2949 tribuitur,
541 2891 584 2940 sed
598 2890 642 2939 hoc
653 2892 706 2939 loco
717 2893 787 2940 bisul·

291 2982 319 3013 ea
326 2983 336 3023 ,-
353 2965 461 3022 Plautus,
473 2967 545 3014 Poen.
556 2981 581 3013 v.
595 2966 632 3013 ll.
644 2967 684 3012 74.
696 2968 787 3014 bisulci·

291 3040 381 3104 lingum
399 3042 464 3101 quusi
481 3055 611 3100 prominens
629 3041 705 3088 iestis.
723 3039 787 3089 Vide

291 3113 452 3168 Aristotelem,
469 3111 499 3160 de
515 3113 581 3160 Part.
594 3110 675 3161 Anim.
688 3113 722 3162 iii.
733 3129 787 3177 cup.

291 3185 335 3234 ult.
347 3196 372 3234 et
382 3200 424 3233 uos
439 3184 469 3233 sd
481 3184 517 3232 iii.
526 3186 567 3233 ³4.
600 3184 672 3239 Mani,
683 3184 786 3235 ribrsvi.

291 3259 349 3307 Fero
375 3262 481 3308 stridore.
509 3257 636 3308 claudian.
658 3260 691 3308 R.
712 3261 741 3308 P.
761 3260 787 3309 ii.

288 3333 441 3399 prmissnun
452 3349 474 3382 os
482 3342 625 3398 serpentum.

837 1855 925 1903 mulum
940 1855 1012 1909 dolor,
1026 1854 1112 1899 mulum
1128 1859 1190 1898 esrts
1206 1859 1247 1898 set.
1282 1850 1337 1898 Pars

837 1940 913 1995 qima,
921 1939 970 1978 etc.
987 1931 1087 1985 Senem,
1098 1930 1174 1977 llere.
1187 1928 1239 1976 OEt.
1250 1930 1293 1978 98.
1307 1929 1335 1975 As

837 2010 991 2072 qmsiujms
1003 2005 1131 2068 Pythonis
1140 2003 1235 2065 ἢμην
1252 2003 1334 2052 mut

838 2098 872 2130 ne
878 2097 888 2138 ,·
905 2089 957 2129 erst
966 2077 1030 2128 enim
1040 2075 1090 2125 filis
1101 2075 1227 2125 Echidna.

871 2156 912 2203 70.
934 2151 1191 2216 anmribiusuensds
1200 2150 1272 2214 suin]
1290 2147 1336 2198 ni·

839 2229 920 2277 nutius
937 2226 1014 2284 Felix,
1025 2227 1066 2275 70.
1078 2227 1153 2290 hydra
1158 2225 1273 2290 felicibus
1288 2225 1336 2273 nel

838 2304 930 2350 neribm
940 2316 1065 2349 resusosm.
1085 2299 1122 2347 De
1132 2315 1228 2347 numero
1238 2303 1336 2360 mmmm

838 2373 903 2424 illius
913 2375 995 2440 hydra
1007 2389 1054 2422 non
1068 2371 1221 2422 consentiunt
1231 2373 1336 2430 Veteres,

838 2447 880 2514 qui
895 2464 950 2497 mox
969 2458 1068 2503 sentum,
1081 2461 1134 2495 mos
1153 2446 1337 2511 quinquagints,

837 2537 931 2580 novem,
941 2529 995 2572 octo
1011 2528 1143 2570 numerent.
1152 2519 1212 2568 vid.
1225 2519 1337 2568 Heinsius

837 2605 861 2647 et
878 2597 987 2661 Heynius
1003 2596 1035 2644 sd
1050 2593 1232 2659 Apollodotum,
1247 2610 1273 2659 p.
1283 2596 1337 2644 346.

837 2671 930 2721 Sufficit
944 2680 1073 2720 monstrum
1086 2666 1265 2734 πολκέμλον
1274 2668 1337 2733 ongi-

837 2757 897 2796 ωε.
914 2745 1075 2810 Palepbntus,
1093 2758 1149 2808 esp.
1166 2743 1210 2792 09.
1231 2743 1336 2792 isbulsm

837 2834 880 2868 eno
890 2819 959 2867 modo
969 2818 1143 2883 interpretetur.
1176 2815 1230 2864 Non
1241 2816 1337 2882 impune

838 2892 868 2941 de
883 2892 960 2942 suetis
977 2889 1090 2940 molestiis
1103 2889 1258 2939 debellatoris
1270 2890 1336 2955 espi-

836 2966 934 3016 endum.
967 2965 1046 3014 Heres
1056 2962 1337 3030 pantomimis-‚Isu-

837 3039 879 3088 dnt
896 3040 1049 3087 Burmannus
1073 3036 1188 3092 Plinium.
1206 3035 1258 3101 qui,
1276 3036 1338 3086 Hist.

837 3114 896 3162 Ναὶ.
905 3114 954 3163 xvi.
966 3114 1007 3162 ³³.
1018 3113 1128 3160 heredem
1137 3119 1208 3159 vocnt
1222 3111 1337 3160 stolonem

836 3202 866 3236 es
893 3186 966 3235 salice
993 3185 1184 3251 repullulentem.
1226 3186 1337 3234 Gessisss

836 3261 913 3317 heres,
923 3260 972 3309 duo
988 3260 1068 3324 cupita
1084 3274 1138 3323 qum
1155 3259 1337 3308 suecreseebent

836 3333 951 3383 inlocum
967 3333 1037 3383 nnius
1049 3332 1137 3382 excisi:
1154 3332 1189 3381 sio
1200 3332 1245 3380 ills
1257 3335 1336 3380 nulus·

323 3408 363 3455 67.
380 3407 578 3455 Lnborcnnomm
588 3407 786 3464 mummium·
835 3410 1022 3472 ribnsfoeonnda
1034 3409 1096 3464 mis,-
1115 3406 1149 3455 sio
1165 3407 1337 3469 lsudinpm

288 3481 381 3545 uisjsm
388 3496 445 3530 nme
452 3490 584 3546 susceptus.
595 3481 657 3530 Satis
664 3488 786 3547 contemp·
836 3493 909 3548 eaput
920 3481 1069 3531 recidebstur
1075 3498 1083 3540 ;
1099 3480 1133 3530 sin
1144 3479 1248 3544 denique
1259 3481 1337 3529 mles·

288 3554 340 3613 tim,
359 3564 384 3604 et
400 3572 463 3604 more
484 3555 606 3605 homiuum
626 3555 786 3620 gloriantium.
836 3561 881 3605 tior
891 3556 974 3622 quovis
985 3555 1082 3605 vulnere
1092 3553 1171 3604 cervix
1181 3552 1264 3603 tiebat.
1290 3554 1335 3602 Vs·

288 3628 376 3677 Aliena
396 3636 476 3679 temen
500 3644 515 3677 n
535 3630 640 3678 venitote
663 3637 712 3678 erat
733 3629 785 3679 hee
836 3632 884 3681 lens
897 3630 963 3688 uiui,
974 3630 1063 3678 viribus
1078 3637 1103 3678 et
1116 3630 1198 3678 robore
1212 3636 1336 3693 pratens,

289 3702 401 3751 Herculis
411 3702 534 3767 gloriatio;
550 3704 627 3753 inians
637 3704 700 3752 enim
712 3720 785 3770 quum
835 3704 946 3753 hocloco
963 3703 1132 3752 adnumerum
1150 3701 1259 3767 cupitum
1275 3702 1334 3751 reie-

288 3776 314 3826 in
330 3777 398 3826 cunis
411 3778 509 3843 jaceret,
520 3778 633 3828 dracorm
648 3778 715 3835 duos,
726 3795 786 3844 quos
834 3778 944 3826 rendum.
977 3778 1015 3825 De
1036 3776 1074 3825 his
1092 3775 1201 3840 quinque
1221 3775 1336 3831 versibus,

287 3853 353 3902 Jnno
380 3851 484 3909 miseret,
511 3852 620 3901 manibus
648 3850 786 3913 interemit;
836 3850 1170 3901 70-74.videinfiueuotm
1180 3850 1279 3914 subseq.

289 3924 382 3976 AElisn.
392 3927 426 3974 Η.
438 3925 470 3976 Α.
480 3925 524 3975 xii.
535 3930 564 3986 ⁵3
581 3925 666 3983 Quint.
683 3926 738 3974 Cal.
750 3926 784 3975 vi.
868 3928 908 3977 73.
932 3926 1059 3982 limosam,
1081 3923 1171 3973 arboris
1192 3922 1303 3981 similem,
1321 3939 1335 3972 e

288 4001 347 4049 202.
379 4000 411 4049 Ut
422 4003 507 4057 vinoun
517 3999 564 4057 luc,
574 4000 637 4064 tinge
649 4008 672 4048 te
683 4001 785 4058 vincere,
835 4014 884 4064 qun
899 3999 987 4066 cupita,
999 4009 1114 4064 tunquam
1128 3997 1188 4046 sumi
1205 3998 1334 4047 extsbnnt:

286 4074 336 4124 sive
347 4072 511 4142 magnitudine
521 4090 645 4139 superem
656 4074 785 4125 CioTusc.
835 4091 944 4122 ramosam
958 4075 1065 4131 colubris,
1075 4080 1111 4130 nt,
1121 4089 1145 4120 x.
1155 4073 1196 4120 21.
1206 4072 1287 4120 villosa
1299 4088 1335 4121 es·

285 4146 311 4199 ii.
322 4151 351 4198 ὗε
368 4166 397 4200 su
405 4153 436 4200 tit
446 4149 522 4216 (finge
536 4164 585 4200 nnn
598 4147 663 4213 esse)
673 4165 784 4199 nmmum
835 4150 919 4212 lubrie„
928 4157 954 4199 et
965 4150 1024 4199 ³49.
1034 4151 1133 4198 meritas
1142 4161 1229 4211 oms.
1262 4144 1334 4201 Malo,
