2774 5004
298 332 364 397 aad
584 331 623 394 P.
647 327 809 394 OVIDII
833 327 1045 393 NASONIS

301 504 462 578 Pectore
480 503 517 574 in
537 526 639 575 arma
656 502 723 575 leri
741 513 999 600 praetentaque
1017 502 1098 574 tela
1111 500 1248 574 leones.

302 620 367 691 Sic
386 619 449 692 ubi
467 642 508 690 se
527 618 647 690 ventis
666 617 868 690 admiserat
886 617 987 689 unda
1003 616 1156 700 coortis,

302 735 390 807 Ibat
407 735 445 805 in
463 757 566 807 arma
587 734 689 819 ratis,
709 735 903 829 multoque
922 743 1001 805 erat
1019 733 1128 805 altior
1147 732 1233 806 illis.

301 849 465 946 Jamque
483 850 612 922 labant
627 851 749 935 cunei,
770 850 1005 947 spoliataque
1023 849 1190 944 tegmine
1208 873 1295 922 cera
1377 874 1379 879 ’

304 965 417 1037 Rima
433 974 550 1061 patet,
571 966 790 1061 praebetque
809 965 906 1037 viam
927 964 1104 1037 letalibus
1122 965 1247 1037 undis,
1273 969 1327 1037 515

303 1079 406 1152 Ecce
423 1080 672 1174 caduutlargi
693 1080 864 1152 resolutis
883 1079 1046 1152 nubibus
1066 1080 1229 1167 imbres;
1377 1080 1379 1085 ⁴

304 1195 426 1293 Inque
443 1194 578 1267 fretum
597 1194 728 1266 credas
747 1204 867 1267 totum
886 1195 1116 1267 descendere
1137 1196 1292 1280 coelum;

305 1310 426 1408 Inque
439 1312 569 1408 plagas
584 1311 668 1383 coeli
679 1310 922 1383 tumefactum
935 1310 1140 1383 ascendere
1153 1323 1311 1407 pontum.

304 1427 400 1500 Vela
416 1429 570 1500 madent
585 1428 720 1498 nimbis
733 1455 742 1514 ;
763 1438 901 1499 etcum
915 1427 1131 1499 eoelestibus
1150 1427 1261 1499 undis
1275 1430 1328 1498 519

305 1544 502 1640 AEquoreae
521 1543 726 1615 miscentur
743 1565 870 1638 aquae:
900 1554 1004 1613 caret
1021 1541 1173 1636 ignibus
1192 1543 1314 1627 athen

306 1662 495 1756 Caecaque
506 1682 583 1730 nox
596 1660 775 1755 premitur
786 1659 950 1731 tenebris
962 1657 1173 1753 hiemisque
1184 1658 1330 1754 suisque.

307 1775 525 1849 Discutiunt
539 1786 664 1845 tamen
680 1775 759 1860 bas
775 1773 1020 1871 praebentque
1034 1773 1214 1845 micantia
1226 1774 1330 1844 lumen

308 1885 500 1962 Fulmina:
529 1888 716 1962 fulmineis
738 1890 938 1962 ardescunt
956 1888 1106 1983 ignibus
1127 1889 1250 1960 uudae.

210 2078 216 2085 ,
309 2007 386 2079 Dat
403 2028 554 2101 quoque
569 2007 647 2099 jam
666 2008 783 2077 saltus
802 2006 899 2077 intra
915 2028 1006 2077 cava
1023 2016 1132 2076 texta
1149 2005 1285 2076 carinae
1338 2047 1344 2057 ·

312 2240 388 2286 Ventr's
408 2241 495 2293 coortis,
513 2238 663 2285 concursibus
681 2247 803 2285 ventorum
854 2253 900 2300 que
908 2234 1165 2298 materIaconjungitur
1173 2235 1235 2283 inira
1242 2237 1287 2284 xiv.
1295 2235 1338 2284 531.

308 2310 444 2375 interruptis
455 2310 570 2358 interdum
582 2318 605 2359 et
620 2310 705 2358 deiude
716 2311 804 2374 majore
856 2310 924 2356 Rima
934 2318 1004 2368 patet,
1017 2321 1062 2355 erc.
1104 2308 1123 2354 V
1126 2307 1190 2370 irgil.
1203 2309 1260 2356 AEn.
1271 2308 1286 2357 i.
1299 2308 1338 2355 111.

309 2386 333 2434 vi
344 2385 515 2448 redintegratis,
528 2394 554 2432 ut
568 2384 627 2432 solet
642 2385 692 2432 fieri
706 2385 730 2432 in
746 2393 805 2432 tem·
856 2386 913 2431 loris
924 2385 1021 2429 luteram
1030 2384 1173 2446 eoarpcgibus
1184 2400 1258 2431 omnes
1265 2385 1340 2444 Arripi-

309 2468 410 2525 pestate.
429 2459 515 2507 Confer
527 2460 546 2506 1.
556 2459 626 2506 Trist.
638 2459 664 2505 ii.
676 2460 717 2506 27.
736 2459 804 2506 Frus-
855 2468 898 2505 snt
916 2458 1031 2503 inimicam
1051 2457 1150 2511 imbrem,
1165 2459 1340 2521 rimr‘sqrtefetie

309 2545 346 2583 tra
357 2534 394 2582 nic
406 2533 473 2580 bresit
482 2533 641 2581 Burmannus.
657 2533 750 2581 “Licet
761 2534 804 2581 hoc
854 2542 920 2580 eant.
941 2531 1020 2577 Totam
1031 2533 1162 2578 descendere
1174 2533 1266 2579 culum.
1287 2532 1342 2593 Virg.

310 2609 388 2663 verbo,
399 2607 483 2671 iuquit,
498 2616 614 2668 tauquam
630 2606 720 2671 proprio
737 2616 804 2654 utan·
855 2605 913 2651 ibid.
928 2605 980 2651 129.
991 2607 1041 2650 eati
1057 2605 1151 2650 ruinam
1167 2615 1253 2664 vocat;
1269 2605 1343 2665 Georg.

310 2693 348 2728 tur
360 2681 485 2728 Lucretius
495 2690 519 2727 et
534 2679 574 2727 alii
590 2679 619 2728 de
633 2681 715 2735 ventis,
727 2688 805 2728 tamen
856 2679 871 2726 i.
883 2680 938 2726 318.
950 2681 998 2725 ruit
1015 2678 1090 2724 etber.
1126 2677 1207 2741 Paga
1224 2681 1282 2734 celi,
1292 2678 1344 2741 regit

311 2755 366 2802 huic
378 2754 429 2801 loco
440 2769 524 2816 parum
533 2754 657 2800 convenire
672 2754 729 2800 mibi
741 2754 805 2800 vide·
856 2753 969 2806 coelestis,
981 2752 1076 2799 coelum.

312 2838 358 2875 tur.
371 2827 656 2890 Namjamdudumcoorti
664 2826 808 2885 erantreuti;

312 2916 384 2964 quare
400 2916 454 2948 cum
468 2900 570 2947 secundo
583 2900 690 2947 Palatino
701 2910 724 2948 et
736 2902 807 2948 Fran·

204 3019 210 3030 ,
313 2973 359 3021 col.
368 2973 499 3037 praelerrem
507 2977 604 3030 coactis3
616 2973 808 3036 ingruenteenim

313 3045 426 3111 procella,
439 3056 465 3093 ut
476 3047 499 3092 lu
513 3047 606 3094 turbine
622 3048 670 3094 lieri
682 3049 749 3103 solet,
760 3048 808 3095 coi·

312 3121 371 3167 bant
382 3117 453 3174 venti,
462 3129 486 3166 et
495 3120 524 3166 ab
536 3119 599 3166 omni
610 3129 675 3183 parte
686 3121 808 3185 impugna-

312 3194 371 3240 bant
392 3193 501 3241 uavem.’'
535 3193 606 3256 Regii
628 3194 698 3241 nostri
720 3199 808 3242 coortr's.

313 3267 343 3312 In
356 3283 430 3324 trema,
444 3266 468 3314 in
479 3278 632 3315 armamenta.

347 3342 403 3387 514.
418 3343 499 3397 Carrei,
507 3342 660 3406 χελύσματα,
669 3343 734 3407 ligna
744 3359 808 3406 quae·

314 3412 369 3459 dam
387 3413 509 3466 crassiora,
522 3432 575 3477 true
593 3417 752 3464 inserebantur
767 3431 808 3463 ua-

315 3485 391 3541 vibus,
402 3502 448 3548 quo
462 3488 546 3542 miuus,
558 3489 577 3534 si
593 3489 616 3534 in
633 3505 690 3536 saxa
704 3490 807 3537 incurre-

314 3568 375 3614 rent,
394 3569 548 3608 attererentur
567 3563 665 3608 rimasve
686 3565 809 3610 contrahe-

315 3641 381 3691 rent3
393 3633 440 3680 vid.
448 3634 560 3681 Sclreffer.
568 3634 597 3681 de
610 3635 681 3682 blilit.
692 3637 754 3682 Nar.
763 3638 778 3684 i.
786 3638 809 3685 6.

318 3706 396 3753 Geram
409 3724 449 3771 pro
458 3709 510 3770 pice
521 3707 619 3771 positam
627 3718 711 3772 putant
720 3710 810 3773 Regius

316 3789 340 3827 et
350 3780 492 3828 Glareanus.
510 3783 580 3831 Certe
591 3782 643 3846 pice
655 3783 727 3830 oblini
739 3799 810 3831 naves

316 3853 431 3910 solebant,
440 3865 466 3902 ut
477 3863 554 3901 essent
564 3856 659 3902 munite
671 3866 752 3904 contra
763 3857 809 3904 viru

318 3942 440 3990 aquarum.
482 3927 542 3976 llinc
564 3927 677 3991 μέλαιναι
699 3942 810 3978 vocantur

310 4001 347 4053 ⁴ab
358 4002 468 4050 llomero.
488 4003 534 4050 Sed
546 4002 605 4066 picis
616 4003 666 4051 loco
677 4022 728 4051 erra
739 4004 809 4052 inter-

318 4074 375 4122 durn
386 4077 556 4135 adhibebatur;
574 4076 670 4125 lleroid.
682 4094 705 4125 v.
719 4080 758 4125 42.
769 4096 809 4126 eu:-

319 4151 371 4196 rnla
380 4162 467 4199 cerutus
476 4155 558 4214 accipit
569 4154 633 4198 uredo
643 4163 710 4200 rates.
738 4153 808 4200 Utra-

889 2828 947 2873 519.
976 2825 1028 2870 Vela
1050 2826 1141 2871 tundent
1164 2826 1271 2888 nimbis]
1300 2826 1346 2873 Post

859 2909 906 2946 tarn
919 2898 1037 2945 horribilia
1048 2898 1206 2961 phrenomeua
1216 2900 1279 2948 male
1290 2899 1346 2947 addi·

858 2984 904 3029 tur,
917 2975 966 3020 vela
983 2972 1053 3020 etiam
1071 2974 1192 3028 maduisse,
1207 2973 1270 3022 male
1287 2975 1346 3022 etisu

859 3056 911 3111 post
930 3045 1057 3109 superiora,
1076 3063 1127 3093 cnm
1146 3050 1274 3095 celestibus
1290 3050 1348 3095 aradis

859 3122 975 3182 :Equoree
992 3123 1123 3166 rotarentur.
1157 3120 1264 3181 Ignibus,
1276 3121 1349 3176 stellb,

860 3211 913 3257 qua=
933 3195 983 3257 jam
1007 3194 1108 3240 nubibus
1130 3193 1252 3244 obductae.
1287 3196 1348 3246 Cera.

860 3269 975 3315 Obscura.
995 3266 1350 3329 Premitar,quiatenebraeonus

859 3341 936 3404 quasi,
949 3341 1063 3389 incubans
1078 3349 1144 3387 terras
1159 3349 1183 3387 et
1200 3351 1282 3405 ponto.
1310 3344 1348 3389 dr·

859 3418 952 3462 deserent
970 3414 1045 3478 (quod
1065 3415 1153 3461 habent
1172 3416 1246 3463 nostri
1266 3414 1350 3479 Regii)

860 3490 928 3552 igneo
950 3490 1026 3536 colore
1047 3503 1098 3536 esse
1120 3497 1144 3535 et
1164 3488 1223 3552 ipsse
1244 3491 1352 3538 videntur.

860 3563 983 3627 Ingeniosa
995 3562 1091 3626 quidem
1106 3571 1129 3609 et
1141 3562 1185 3610 boc
1200 3565 1351 3617 observatum,

860 3637 941 3684 sedin
962 3648 1008 3685 tam
1029 3636 1132 3684 lrorribili
1151 3640 1300 3702 tempestatis
1316 3639 1350 3686 de·

860 3712 985 3775 scriptione
997 3711 1075 3772 inepte
1086 3723 1305 3760 commemoratum.

892 3789 948 3833 524.
967 3786 1027 3832 Cora
1043 3785 1124 3847 terta]
1147 3785 1231 3834 Teaere
1244 3797 1310 3852 tropo
1322 3786 1351 3833 Ia·

860 3859 899 3906 cili
910 3859 939 3906 de
951 3859 1077 3906 viminibus
1092 3858 1165 3914 nexis,
1179 3859 1236 3908 hinc
1248 3877 1313 3925 porro
1324 3860 1350 3906 de

860 3932 965 3979 trabibus
972 3932 1069 3996 junctis,
1080 3933 1182 3981 maxime
1195 3935 1300 3990 navium,
1308 3930 1349 3980 dici

861 4015 973 4067 creptum.
1006 4007 1060 4054 Jam
1072 4006 1191 4055 Pacuvius
1203 4008 1267 4072 apud
1279 4009 1327 4058 Cic.
1338 4007 1350 4052 i.

861 4080 890 4127 (le
903 4080 958 4126 Div.
965 4082 1006 4128 31.
1016 4081 1112 4141 Jamque
1120 4084 1180 4128 muri
1191 4100 1274 4144 nragrto
1283 4084 1349 4129 cursa

860 4158 906 4200 rita
924 4157 1018 4202 teritur.
1050 4156 1136 4218 Itaque
1156 4166 1216 4204 tarta
1236 4172 1277 4220 pro
1296 4170 1350 4202 nave
