2774 5004
605 107 780 176 INDEX.

163 279 285 340 pervigilis
296 279 413 327 Draconis
423 293 498 351 sopor.

163 353 240 403 AEaan
249 369 280 403 ax
290 368 346 402 sene
357 352 457 412 juvenis.

164 426 252 476 Aridus
261 427 328 476 olive
338 442 416 475 ramus
426 426 450 474 in
461 427 564 477 viridem.

163 501 245 550 Gutta
256 516 324 560 aqum
335 500 359 548 in
370 501 443 550 flores.

163 573 274 624 Nutrices
284 575 373 623 Bacchi
383 591 412 624 ex
422 575 505 625 vetulis
512 575 617 635 juvenes.

163 649 232 697 Aries
242 649 308 699 senio
317 648 436 698 confectus
444 649 469 698 in
479 666 574 710 agnum.

164 723 237 771 Peliae
244 722 329 772 cedes.

164 797 295 846 Cer-ambus
304 797 329 845 in
339 812 414 846 avem.

164 872 244 920 Draco
252 872 277 919 in
287 886 377 920 saxum

163 946 179 993 J
181 961 285 993 urencus
295 944 320 994 in
329 960 431 994 cervum.

165 1019 221 1067 Coae
232 1018 340 1068 mulieres
349 1027 460 1067 cornute.

164 1092 247 1142 Telchi
256 1092 306 1140 risu
315 1092 394 1140 omnia
401 1100 526 1141 mutantes.

165 1166 252 1224 Hyn'es
261 1165 323 1214 filius
332 1167 357 1214 in
368 1182 477 1223 cycnum.

166 1240 240 1298 Hyrie
250 1240 276 1287 in
286 1239 373 1288 lacum.

165 1314 256 1362 Combe
267 1314 291 1361 in
302 1329 376 1362 asem.

167 1386 243 1446 Fungi
254 1387 279 1434 in
290 1386 402 1436 homines.

167 1461 272 1510 Phineus
282 1461 307 1508 in
317 1476 392 1510 avem.

166 1535 282 1594 Periphas
292 1535 318 1582 in
329 1550 404 1583 avem.

166 1608 351 1668 Polyphemonis
360 1609 409 1657 lilia
419 1609 443 1656 in
455 1624 529 1658 avem.

166 1683 255 1732 Medea
265 1683 295 1730 ed
304 1683 415 1743 AEgeum.

166 1757 262 1807 Cerberi
273 1772 357 1817 spuma
366 1757 391 1805 in
400 1757 524 1806 aconitum.

165 1831 252 1880 'l'hesei
262 1839 335 1891 gesta.

166 1905 269 1954 Scironis
280 1904 374 1953 latronis
384 1920 437 1954 ossa
447 1905 471 1953 in
481 1906 597 1965 scopulos.

167 1979 259 2027 Minois
268 1979 356 2028 bellum
366 1979 391 2027 in
402 1979 566 2029 Athenienses.

167 2053 272 2101 Sithonis
282 2054 307 2101 in
317 2053 474 2102 monedulam.

168 2128 260 2187 AEgina
269 2127 346 2175 insula
356 2142 409 2187 que
418 2136 442 2176 et
450 2128 552 2177 OEnons.

168 2200 241 2250 AEaci
251 2200 301 2249 lilii.

169 2275 283 2323 Formicae
293 2276 317 2323 in
328 2275 441 2324 homines.

169 2349 247 2398 Pestis
256 2349 387 2409 descriptio.

167 2423 290 2482 Cephalus
306 2422 422 2472 Procridis
440 2423 536 2471 maritus
555 2423 580 2471 in
599 2423 670 2472 aliam

198 2497 304 2556 figuram.

171 2571 263 2630 Vulpes
274 2579 298 2620 et
307 2571 372 2619 canis
383 2570 407 2618 in
418 2586 481 2620 sara.

171 2645 288 2693 Procridis
298 2660 367 2692 mors.

327 2775 432 2824 LIBER
449 2777 522 2825 VIII.

173 2867 248 2915 Nisus
255 2866 279 2913 in
289 2866 399 2914 halietum
408 2881 482 2916 avem.

171 2940 254 2999 Scylla
264 2940 289 2988 in
300 2940 381 2998 Cyrim
392 2956 467 2991 avem.

173 3015 239 3062 Muri
250 3014 349 3062 vocales.

174 3087 313 3145 Labyrinthi
324 3088 441 3137 Cretensis
451 3088 583 3148 descriptio.

176 3161 287 3209 Ariadne
297 3177 382 3209 corona
392 3161 416 3209 in
427 3162 499 3211 sidus.

175 3235 270 3284 Dedan
278 3235 375 3284 volatus.

173 3310 249 3357 Talus
257 3325 314 3369 puer
321 3325 388 3358 serrae
396 3308 521 3369 circinique
531 3312 642 3367 inventor,
651 3310 676 3358 in

208 3383 333 3442 perdicem.

175 3457 290 3506 Daedalus
300 3457 330 3504 ad
339 3457 461 3506 Cocalum.

174 3531 235 3590 Apri
247 3531 372 3589 Calydonii
382 3530 515 3590 descriptio.

176 3605 296 3653 Atalante
306 3606 387 3653 forma.

177 3678 271 3727 Altheae
281 3679 360 3728 fratres
371 3696 385 3727 a
396 3680 516 3741 Meleagro
526 3682 589 3729 cresi.

178 3753 256 3811 Stipes
266 3753 291 3801 in
302 3769 348 3814 quo
359 3754 473 3814 Meleagri
482 3755 536 3802 vita.

180 3826 295 3887 Meleagri
307 3844 375 3876 mors.

178 3901 293 3961 Meleagri
304 3919 391 3952 sorores
402 3904 425 3951 in
437 3918 490 3952 aves
500 3904 659 3963 meleagridas.

716 276 820 325 Naiades
829 277 854 324 in
864 275 999 326 Echinadas
1008 276 1104 325 inulas.

714 349 828 399 Perimele
839 350 944 411 nympha
952 350 976 397 in
986 349 1095 399 insulam.

714 423 836 483 Oppidum
846 424 871 471 in
882 433 1000 483 mgnum.

714 497 806 557 Jupiter
815 514 870 546 cum
880 498 998 547 Mercurio
1008 497 1033 546 in
1045 498 1158 548 homiues.

714 572 777 619 Casa
786 572 811 620 in
821 572 943 632 templum.

715 646 837 695 Philemon
854 662 908 694 cum
927 646 1032 696 Baucide
1046 662 1117 696 uxore
1134 646 1159 695 in
1176 661 1212 694 ar-

743 720 817 768 bores.

715 793 812 842 Proteus
822 793 846 841 in
857 793 932 842 varias
942 793 1034 842 termes.

715 869 794 915 Metra
802 867 969 916 Erisichthonis
978 866 1027 915 lilia
1036 867 1062 916 in
1070 867 1145 916 sarias
1155 867 1213 927 ligu-

745 956 789 989 ras.

716 1015 883 1064 Erisichthonis
894 1015 1008 1074 impietas.

718 1089 796 1136 FamIs
805 1089 888 1148 patria

718 1162 796 1210 Famis
806 1163 937 1222 descriptio.

719 1238 805 1286 Foedus
816 1238 984 1289 Erisichthonis
994 1239 1078 1287 exitus.

718 1312 836 1361 Achelous
847 1313 871 1361 in
880 1313 955 1361 varias
965 1313 1057 1372 figuras.

884 1444 990 1494 LIBER
1005 1445 1050 1494 IX.

720 1535 819 1583 Acheloi
830 1535 984 1595 Herculisque
994 1535 1065 1584 lucta.

720 1608 839 1658 Achelous
848 1609 872 1656 in
884 1624 991 1668 anguem.

720 1682 839 1732 Achelous
849 1683 873 1731 in
882 1691 981 1733 taurum

720 1757 801 1815 Copiae
811 1772 891 1806 cornu.

720 1830 790 1879 Nessi
800 1831 904 1880 centauri
915 1831 998 1880 cedes.

719 1905 811 1954 Tunica
821 1921 836 1953 a
847 1905 960 1965 Deianira
968 1906 999 1955 nd
1006 1907 1131 1957 Herculem
1141 1906 1219 1955 missa.

720 1980 829 2028 Herculis
840 1980 938 2029 labores.

721 2053 807 2102 Lichas
817 2054 842 2101 in
850 2055 980 2114 scopulum.

720 2128 833 2175 Hercules
843 2127 867 2175 in
879 2128 966 2176 Deum.

721 2200 830 2249 Galantis
840 2201 865 2248 ln
875 2201 1007 2249 mustelam.

721 2275 818 2333 Dryope
828 2274 853 2321 in
862 2274 974 2324 arborem.

722 2349 792 2396 lotos
802 2347 908 2407 nympha
917 2348 943 2396 in
953 2348 1065 2397 arborem.

723 2422 801 2470 Iolaus
811 2437 882 2470 senex
893 2421 917 2469 iu
926 2421 1044 2481 iuvenem.

722 2495 851 2545 Callirhoes
862 2495 927 2555 pueri
938 2495 962 2543 in
970 2495 1076 2555 juvenes.

724 2571 788 2619 Deos
798 2585 891 2631 quoque
902 2569 955 2617 latis
965 2569 1076 2618 obnoxios
1086 2584 1144 2618 esse.

724 2645 821 2693 Miletus
832 2644 910 2692 Mileti
919 2644 983 2692 urbis
992 2643 1104 2693 eonditor.

725 2719 809 2777 Byblis
819 2718 897 2767 Mileti
907 2717 955 2765 filia
964 2717 989 2765 in
1000 2718 1096 2766 sontem.

724 2794 821 2842 Caunus
840 2792 954 2852 Byblidos
970 2792 1047 2848 irater,
1063 2791 1141 2840 Cauni
1162 2790 1226 2839 urhis

753 2867 865 2916 conditor.

724 2941 791 2999 Iphis
800 2940 880 3001 puella
889 2940 913 2988 in
927 2955 1023 2989 marem.

898 3072 1004 3119 LIBER
1020 3071 1052 3120 x.

726 3164 814 3222 Orphei
825 3162 999 3222 Eurydicesque
1010 3163 1105 3222 nuptie.

726 3237 815 3296 Orphei
826 3237 856 3284 ad
867 3236 957 3285 Inleros
967 3236 1100 3287 desoensus.

727 3312 789 3370 Atys
799 3311 823 3359 iu
835 3312 925 3371 pinum.

728 3385 867 3445 Cyparissus
877 3385 902 3433 in
912 3401 1057 3444 cupressum.

728 3459 817 3519 Orphei
828 3475 929 3508 carmen.

728 3534 820 3593 Jupiter
830 3535 855 3582 in
866 3534 977 3593 aquilam.

729 3609 877 3667 Hyacinthus
887 3623 945 3668 puer
956 3609 980 3655 in
991 3608 1077 3656 florem.

730 3681 872 3738 Hyacinthia
883 3681 948 3729 testa.

731 3755 865 3814 Propetides
876 3755 900 3802 in
911 3769 976 3802 saxa.

730 3830 831 3877 Cerastae
843 3829 866 3876 iu
877 3838 962 3876 tauros.

731 3904 812 3949 Statua
824 3902 924 3951 eburnea
935 3901 959 3949 in
970 3901 1089 3959 virginem.
