2774 5004
353 329 823 397 METAMORPHOSEON
848 329 939 397 LlB.
963 330 1048 396 XV.
1155 334 1221 400 451

168 501 328 578 Semina
344 503 456 577 limus
475 504 592 578 habet
607 503 743 578 virides
761 505 980 601 generantia
996 529 1117 594 ranas,
1144 510 1218 580 375

167 618 222 692 Et
238 629 394 715 generat
410 630 561 693 truncas
580 619 761 717 pedibus;
791 643 881 692 mox
899 631 989 717 apta
1005 621 1169 695 natando

168 734 293 808 Crura
309 734 396 810 dat:
416 745 536 832 utque
554 736 687 809 eadem
705 735 781 808 sint
798 735 921 832 longis
940 737 1099 811 saltibus
1117 746 1217 836 apta,

167 849 363 923 Posterior
381 861 506 948 partes
524 861 679 948 superat
697 875 871 925 mensura
888 853 1045 950 priores.

169 963 254 1038 Nec
273 965 421 1039 catulus
438 976 560 1062 partu,
581 988 695 1062 quem
714 966 879 1040 reddidit
896 991 984 1041 ursa
1001 969 1155 1056 recenti,

168 1078 249 1154 Sed
268 1081 364 1154 male
382 1081 466 1154 viva
482 1104 570 1154 caro
587 1092 667 1155 est:
696 1083 898 1157 lambendo
916 1094 1036 1156 mater
1053 1083 1091 1156 in
1116 1093 1219 1159 artus

170 1193 309 1292 Fingit,
323 1207 363 1270 et
380 1195 418 1269 in
435 1195 605 1284 formam,
624 1208 806 1293 quantam
823 1199 926 1295 capit
943 1198 1038 1295 ipsa,
1058 1199 1216 1272 reducit.

170 1309 308 1383 Nonne
325 1309 443 1397 vides,
463 1335 559 1408 quos
577 1335 665 1385 cera
681 1313 776 1409 tegit
792 1314 1011 1409 sexangula,
1030 1312 1142 1386 soetus

169 1423 441 1498 Melliferarurn
460 1426 587 1524 apium
607 1427 687 1501 sine
704 1428 883 1501 membris
900 1453 1057 1526 corpora
1074 1428 1191 1514 nasci,

168 1537 220 1611 Et
238 1564 419 1636 serosque
437 1541 567 1639 pedes,
587 1566 767 1641 serasque
786 1567 977 1618 assumere
996 1544 1167 1642 pennas?

166 1653 329 1728 lunonis
346 1657 549 1743 volucrem,
569 1681 654 1755 quae
672 1659 795 1732 cauda
811 1659 934 1732 sidera
952 1670 1089 1756 portat,
1143 1663 1217 1733 385

164 1767 481 1868 Armigernmque
498 1770 615 1859 Jovis,
637 1772 985 1871 Cythereiadasque
1008 1775 1215 1860 columbas,

168 1882 219 1956 Et
238 1909 356 1980 genus
374 1909 485 1958 omne
503 1887 626 1961 avium
645 1888 778 1962 mediis
795 1912 817 1962 e
835 1890 1005 1987 partibus
1024 1890 1096 1975 ovi,

169 1998 219 2071 Ni
239 2000 352 2073 sciret
368 2000 461 2089 lieri,
480 2001 561 2075 lieri
578 2001 665 2100 quis
683 2027 796 2101 posse
814 2004 990 2102 putaret?
1122 2006 1216 2102 [cro,

168 2113 268 2187 Sunt
280 2115 359 2213 qui,
374 2138 493 2213 quum
510 2117 639 2191 clauso
657 2117 871 2216 putrefacta
887 2130 946 2194 est
962 2119 1074 2219 spina
1089 2121 1216 2219 sepul·

164 2402 263 2451 quoque
279 2386 428 2441 lucernarum
444 2387 574 2439 luminibus
594 2388 666 2439 advo·
718 2393 778 2446 nivo,
789 2387 828 2438 vix
841 2399 883 2438 ant
901 2405 948 2438 non
958 2389 1021 2438 viva.
1054 2388 1102 2439 Sic.
1112 2389 1145 2439 iv.
1156 2391 1216 2442 985.

166 2461 219 2509 lans
229 2461 290 2510 inter
300 2462 364 2510 mala
373 2460 548 2513 medicamenta
557 2477 666 2512 numera-
717 2463 857 2527 malefortis
870 2467 947 2512 ande.
980 2464 1078 2512 Sueten.
1089 2463 1154 2528 Aug.
1165 2465 1216 2514 ssi.

166 2534 232 2583 tur.''
274 2535 337 2585 Hinc
357 2535 453 2599 feralis
474 2536 590 2593 funestus,
610 2536 667 2586 mali
718 2540 744 2586 2.
766 2539 867 2586 nationes
891 2539 950 2585 mals
969 2539 1058 2599 quiem.
1099 2536 1130 2584 lis
1150 2546 1217 2588 artae

164 2608 259 2658 ominis.
298 2610 355 2659 Sine
382 2610 455 2659 dubio
483 2609 507 2659 h.
528 2609 545 2658 l.
564 2611 667 2676 respexit
708 2613 795 2676 fingit,
806 2610 882 2675 fingit,
893 2619 921 2659 ut
931 2611 1038 2658 membra
1051 2608 1164 2658 distincta
1173 2626 1217 2676 ap·

164 2683 312 2733 Lactantio
324 2683 412 2733 Phoea.
424 2685 544 2733 ventor:
560 2685 594 2737 Ao
605 2686 666 2735 uelut
717 2693 824 2752 pareant.
1274 2722 1278 2727 .

164 2767 273 2822 ogrsstss,
287 2774 356 2820 qaam
364 2759 411 2820 filo
426 2761 457 2807 orl
473 2775 527 2808 sara
543 2757 666 2822 (Thomas.
749 2761 807 2808 ³82.
819 2758 900 2806 ll'onue
911 2756 1047 2819 uides,etc.]
1067 2756 1095 2803 E.
1107 2753 1217 2818 Virgilio,

165 2829 235 2880 malit
256 2836 322 2887 tara)
341 2841 457 2887 teruntur,
478 2832 571 2881 Mauri
588 2849 666 2895 penne
716 2832 804 2896 Georg.
813 2831 846 2881 iv.
856 2831 917 2878 310:
938 2829 1120 2891 Truncapedam
1128 2830 1216 2890 prim

165 2903 292 2967 (Thomas
304 2905 381 2964 tinae)
391 2907 506 2966 papilione
515 2907 597 2954 auor.
716 2923 766 2955 sssa
776 2915 797 2953 et
806 2907 929 2953 stridentia
942 2905 1022 2965 peanis
1034 2902 1172 2960 Miscentur,
1183 2912 1217 2951 ts·

199 2977 256 3026 375.
267 2976 357 3026 Semina
368 2979 435 3026 limas
446 2979 520 3036 lrabet,
529 2979 581 3041 etc]
601 2978 665 3029 Con·
716 2997 826 3042 nuemqoa
846 2981 918 3043 magis
938 2981 1010 3042 magis
1033 2993 1087 3026 aare
1108 2986 1216 3039 carpant.

165 3048 200 3098 ler
218 3049 235 3097 i.
248 3051 296 3099 416
306 3066 360 3115 sqq.
393 3050 501 3100 Ranasc
518 3051 575 3099 limo
592 3052 665 3108 nasci,
717 3053 788 3105 Conl.
799 3052 897 3109 Plinius,
908 3053 941 3101 xi.
958 3053 994 3100 16.
1016 3051 1076 3107 Quos
1086 3067 1139 3099 cern
1151 3055 1216 3117 tegit,

165 3123 224 3172 etin
235 3125 337 3173 eundern
349 3124 433 3173 resolvi
441 3125 512 3175 tradit
521 3126 593 3174 etiam
602 3126 666 3175 Plin.
716 3128 772 3193 qnia
782 3127 853 3176 ovnla
866 3127 1016 3190 deponuntur
1027 3125 1052 3173 in
1066 3122 1160 3174 cellulis
1174 3139 1215 3173 ce·

165 3198 233 3253 xi.,8.
267 3198 360 3263 Nempe
377 3198 448 3246 ovula
464 3214 508 3247 ana
525 3199 573 3247 illm
592 3198 665 3264 depo·
716 3200 769 3258 reis,
781 3216 881 3264 quarum
892 3200 966 3247 sonna
976 3198 1100 3262 usurpem
1111 3196 1215 3247 maxime

166 3281 227 3321 nunt
253 3271 277 3320 in
304 3271 368 3320 limo.
411 3273 525 3323 Posterior
551 3290 664 3329 incursuro,
715 3273 869 3323 admirabilis.
897 3272 1002 3333 Mellifer
1012 3272 1122 3319 crescitur
1133 3269 1214 3334 apium

165 3361 276 3394 mensura
284 3346 439 3410 posteriorum
451 3347 546 3411 padum.
715 3347 778 3412 apud
790 3345 946 3400 Claudianus,
957 3362 997 3392 xv.
1011 3345 1065 3393 127.

198 3419 255 3467 379.
274 3420 321 3467 Nec
339 3421 429 3467 cotrtlus
443 3430 522 3481 portu,
533 3421 593 3483 etc]
612 3419 664 3469 Pli-
747 3422 804 3468 385.
814 3419 914 3466 lunonis
925 3420 1046 3473 volucram,
1055 3415 1118 3480 etc-J
1132 3418 1214 3475 Quum

164 3492 228 3547 nius,
249 3492 299 3540 viii.
320 3494 361 3541 36.
384 3493 414 3541 da
436 3509 542 3542 ursorum
564 3494 663 3543 catulis:
714 3511 770 3545 avae
789 3492 884 3541 omuino
900 3491 1008 3541 dicendae
1024 3500 1112 3546 essent,
1131 3489 1217 3540 maluit

164 3566 226 3613 “Hi
242 3575 297 3615 sunt
313 3566 416 3614 candida
430 3567 582 3631 informisque
599 3583 663 3624 caro,
715 3566 873 3618 nobilissimas
894 3582 981 3631 ponere
1006 3582 1061 3615 cum
1087 3564 1215 3631 adjunctis,

164 3643 238 3707 paulo
249 3642 355 3690 muribus
366 3641 508 3706 rnnjor,sine
519 3642 602 3698 oculis,
614 3642 664 3692 sine
715 3658 771 3691 aves
781 3640 845 3698 lovi,
856 3639 955 3696 lunoni,
965 3639 1052 3690 Veneri
1062 3654 1150 3688 sacras.

162 3715 228 3780 pilo:
240 3730 332 3778 ungues
343 3723 434 3764 mutum
446 3716 592 3780 prominent:
604 3715 665 3764 hanc
747 3717 805 3764 339.
816 3714 875 3763 Sunt
887 3718 934 3777 qni,
945 3731 1024 3777 qaum,
1034 3712 1094 3775 eto]
1113 3712 1216 3770 Plinius,

164 3789 291 3838 lambendo
306 3788 421 3851 paulatim
435 3789 562 3852 figurentl’
595 3789 665 3837 Falsa
713 3808 738 3838 x.
749 3791 795 3838 66:
807 3796 823 3817 “
834 3788 944 3852 Anguem
956 3805 985 3837 ex
997 3787 1103 3836 medulla
1112 3784 1216 3834 hominis

163 3872 244 3910 tamen
262 3861 304 3909 illa
321 3861 424 3919 traditio,
440 3871 492 3913 orta
510 3863 573 3912 haud
591 3862 665 3912 dubie
713 3863 787 3928 spiam
799 3862 873 3927 gigni,
882 3862 1017 3926 accepimus
1028 3876 1043 3908 a
1054 3857 1142 3907 multis.
1158 3857 1214 3906 Pn-

164 3936 229 3991 inde,
241 3936 305 4000 quod
319 3936 454 3986 secundinis
468 3937 618 3987 crassissimis
627 3936 663 3986 in·
714 3953 787 4001 raque
805 3936 868 3984 enirn
885 3935 980 3983 occulta
998 3940 1023 3982 et
1041 3946 1106 3980 caca
1123 3929 1215 3995 origine

164 4009 238 4059 voluti
259 4025 365 4059 ursorum
385 4010 458 4059 catuli
476 4011 588 4067 eduntur,
605 4027 672 4076 quas
715 4010 880 4076 proveniunt.’'
913 4007 1027 4070 Antigon.
1046 4004 1137 4053 Mirab.
1157 4019 1213 4069 cap.

163 4100 211 4132 non
223 4083 266 4132 nisi
278 4083 319 4132 diu
328 4084 455 4134 lambendo
465 4085 577 4134 revellere
590 4093 664 4133 mater
714 4085 755 4133 96.
765 4082 841 4139 addit,
851 4080 966 4136 homines,
975 4077 1062 4143 quibus
1076 4077 1100 4126 id
1116 4076 1215 4127 mortuis

163 4164 252 4222 potest.
271 4158 382 4207 Reddidit
393 4166 430 4207 est
440 4175 490 4224 pso,
499 4158 582 4209 edidit.
601 4159 666 4207 Male
716 4154 820 4212 accidat,
830 4162 885 4205 ante
894 4152 985 4201 obitam
994 4149 1088 4201 odorari
1099 4164 1198 4216 angen
