2774 5004
182 340 248 406 270
475 336 513 400 Ρ.
539 336 701 401 ovloll
729 335 938 402 NASONIS

183 511 233 584 Et
252 511 320 582 Dis
339 519 518 607 acceptus
536 511 747 609 penetrarit
763 510 801 584 in
819 510 960 585 aetbero
979 511 1108 598 nidor;

184 626 302 699 Sacra
318 625 438 699 tulere
455 634 573 713 sua‘m,
593 650 682 726 pers
699 639 759 701 est
776 628 865 702 dots
882 636 1022 702 caetera
1037 629 1184 702 mensis.

181 739 417 815 Discubuere
434 742 523 815 toris
542 766 731 840 proceres,
750 753 790 816 et
806 737 965 846 corpora
982 754 1086 817 tosta
1133 726 1209 818 '155

181 857 306 929 Corne
322 857 480 954 replent,
500 857 664 955 unoque
682 858 808 933 levant
825 880 1015 955 curasque
1032 859 1210 957 sitimque.

180 971 266 1046 Non
285 971 369 1044 illos
387 972 552 1058 eitharae‚
573 996 647 1045 non
665 974 748 1048 illos
766 973 934 1046 earmina
949 997 1101 1060 vocum,

179 1085 353 1184 Longuve
371 1086 547 1161 multifori
564 1087 729 1162 delectat
746 1087 839 1161 tibia
855 1087 969 1162 buxi:

180 1203 257 1277 Sed
275 1213 424 1277 noctem
443 1228 614 1279 sermone
633 1205 805 1292 trabunt3
831 1205 1027 1302 virtusque
1045 1205 1211 1303 loquendi

178 1318 340 1392 Materia
349 1331 427 1393 est:
445 1344 610 1416 pugnarn
621 1321 785 1396 referunt
794 1318 1006 1417 hostisque,
1018 1345 1207 1419 suamque;

177 1434 299 1530 inque
317 1436 420 1510 vices
437 1436 551 1523 adito,
571 1446 686 1534 atque
703 1435 889 1510 exhausta
906 1436 1078 1534 pericula
1094 1462 1186 1536 soepe

178 1547 481 1624 commemorare
490 1552 618 1648 juvat:
638 1550 731 1648 quid
746 1551 846 1631 euim
863 1552 1082 1648 loqueretur
1096 1551 1208 1625 Achil-

326 1666 407 1739 les?

176 1781 254 1854 Aut
271 1781 363 1879 quid
382 1782 481 1879 apud
499 1806 676 1878 magnum
695 1780 820 1879 potius
835 1781 1080 1878 loquerentur
1094 1782 1209 1856 Achil-

177 1897 355 1969 Proxima
373 1897 563 1994 praecipue
581 1897 724 1970 domito
741 1896 896 1970 victoria
914 1897 1049 1994 Cycno
1108 1897 1207 1994 [leml

177 2011 221 2083 Iu
239 2033 410 2084 sermone
427 2010 519 2084 fuit:
548 2011 668 2084 visum
687 2012 857 2085 mirabile
876 2013 1037 2100 eunctis,
1151 2015 1209 2085 166

177 2125 289 2209 Quod
302 2124 431 2221 juveni
449 2149 586 2222 eorpus
604 2126 707 2198 nullo
726 2127 957 2224 penetrabile
974 2129 1066 2214 telo,

176 2239 440 2338 Invictumque
459 2241 507 2313 ad
524 2241 678 2314 vulnera
695 2252 787 2327 erat,
806 2240 1024 2339 sertumque
1042 2245 1193 2317 terebat.

174 2473 305 2522 llfflffl
315 2489 368 2537 sqq.
401 2473 436 2522 Ut
452 2473 496 2521 boe
512 2475 564 2522 loeo
578 2488 670 2530 carnes,
720 2474 880 2522 Romanorum
898 2473 956 2522 uota
970 2475 1054 2539 prucis
1069 2474 1212 2524 foraminibus

173 2544 670 2611 iteelibiv.erii.662.terupusdicitur
719 2557 781 2596 esset
797 2548 882 2596 brevis.
917 2548 970 2596 Hoc
989 2548 1043 2596 looo
1060 2549 1104 2597 atii
1121 2553 1211 2614 (atum

171 2623 224 2669 duri
236 2622 323 2669 moris.
719 2622 791 2669 nostri
803 2621 901 2684 Regin)
914 2623 1039 2670 multisunt.

208 2695 261 2744 156.
280 2695 356 2742 Corne
374 2694 469 2755 replent.
487 2693 548 2757 ete]
567 2696 667 2750 (nnete,
755 2697 807 2744 159.
827 2696 920 2743 Noctem
934 2712 1035 2744 semmae
1050 2699 1149 2745 nubum
1161 2695 1213 2745 dixit

173 2768 278 2816 hilariter
288 2766 416 2815 admodum
431 2782 525 2815 coeusm
535 2766 602 2814 illem
617 2784 669 2832 pro·
718 2784 773 2816 cunr
785 2768 895 2834 Virgilio,
907 2772 964 2818 AEn.
976 2769 992 2818 i.
1005 2771 1063 2819 748.
1074 2772 1167 2836 poetice
1178 2787 1214 2836 pro

172 2842 299 2890 duxeruut.
319 2841 471 2899 Diembuere5
482 2840 544 2887 conl.
552 2840 600 2889 viii.
611 2842 668 2889 565.
719 2842 820 2906 vulgari,
831 2859 963 2891 sermonem
973 2844 1071 2893 trahunt
1083 2844 1108 2893 in
1120 2854 1213 2895 noctem.

174 2917 274 2970 Timeri,
295 2913 387 2962 scilieet
411 2913 483 2961 assari
509 2929 598 2970 cernes.
622 2930 669 2962 nou
718 2916 849 2979 Sequentia
867 2933 895 2965 ex
914 2916 1019 2965 moribus
1034 2917 1134 2967 heroum
1149 2927 1215 2983 etque

171 2987 367 3040 elirerisolebant
374 2987 467 3035 hemlee
475 2995 553 3037 rotate.
571 2989 668 3044 Leuant,
718 2989 743 3036 in
754 2988 849 3038 laudem
860 2989 962 3038 Achillis
972 2991 1047 3039 dicte.
1069 2992 1160 3048 Virtus,
1172 2993 1212 3040 ior-

171 3064 272 3129 pcllunt.
305 3060 420 3126 Virgilius
434 3063 627 3125 erimmfcmem,
639 3066 668 3110 si·
719 3061 795 3110 titudo
806 3063 900 3112 bellica.
920 3065 1039 3112 Erlrunrtu
1048 3070 1163 3126 periente,
1173 3066 1212 3114 for·

172 3141 228 3195 tim‚·
253 3138 370 3184 Homerus
391 3133 474 3190 ἐξέντο
496 3135 583 3194 πόσιος
603 3136 668 3200 ἔρον.
718 3134 772 3184 titer
798 3145 918 3202 superata,
945 3137 976 3185 sd
1005 3136 1079 3185 finem
1113 3141 1214 3188 tolentt.

171 3211 242 3276 Apud
255 3212 383 3258 Homerum
392 3225 439 3257 non
447 3211 616 3267 discumbentes,
626 3211 667 3260 sed
718 3210 821 3258 Gronov.
836 3220 861 3258 et
879 3210 928 3259 duo
945 3211 986 3259 alii
1005 3223 1087 3260 erecto
1105 3215 1213 3276 mna,

170 3284 279 3333 sedentes
289 3285 424 3349 epulantur.
718 3283 788 3346 Regii
799 3283 870 3331 nostri
882 3285 999 3333 erbunstu.
1029 3286 1213 3351 Magnuetsu·

205 3358 564 3421 157.Nonr'llorcitbarae,ete.]
583 3360 666 3409 citha·
716 3373 758 3421 pro
775 3357 807 3405 xi.
824 3360 882 3407 266.
899 3362 979 3422 ingens
996 3359 1115 3409 Achilles.
1148 3362 1175 3410 Ei
1190 3375 1212 3409 se

170 3448 201 3480 τε
223 3429 334 3494 vocisque
355 3439 439 3479 cantus
460 3432 519 3479 alios
539 3445 666 3497 perpetuus
716 3431 896 3479 accommodant
912 3432 1001 3488 ceteri,
1014 3442 1040 3481 et
1057 3434 1154 3498 plaeere
1169 3444 1211 3483 stu·

169 3502 328 3552 conviviorum
340 3519 434 3563 comes5
452 3505 577 3560 Homerus,
590 3507 620 3554 ll.
632 3515 664 3556 Α.
715 3504 780 3560 dent,
792 3507 919 3571 presertim
934 3522 1008 3570 quum
1021 3509 1073 3572 ejus
1083 3510 1212 3574 sumptibus

168 3579 226 3627 603.
236 3585 260 3623 et
277 3575 325 3625 Od.
338 3578 435 3626 ΛΑΜ.
447 3577 487 3624 ubi
506 3577 585 3625 Clark.
596 3579 664 3644 plura
714 3577 758 3626 boc
769 3579 903 3628 convivium
914 3580 1048 3629 institutum
1059 3594 1133 3631 essct.
1168 3585 1210 3631 Its·

167 3649 273 3713 collegit.
306 3649 352 3697 Sed
370 3665 433 3697 nunc
449 3649 571 3698 consilium
586 3647 663 3717 poet'ae
714 3669 760 3716 que
768 3653 839 3701 etiam
847 3653 872 3702 iu
881 3669 947 3718 seqq.
956 3654 1060 3704 Achillis
1067 3657 1213 3722 potissimum·

167 3726 234 3774 illum
251 3739 296 3770 non
308 3723 471 3780 admittebat..
489 3724 527 3772 De
538 3727 593 3773 tibia
604 3730 663 3775 mul·
713 3727 814 3776 subinde
825 3728 851 3776 fit
862 3728 957 3784 mentio,
970 3738 996 3777 ut
1007 3746 1067 3779 vers.
1082 3733 1138 3780 too.
1152 3733 1202 3781 tto.

167 3800 233 3865 efferi
249 3799 302 3844 brui
319 3796 372 3844 vide
389 3796 420 3844 sd
436 3797 470 3845 iv.
482 3799 528 3845 30:
552 3799 663 3851 Heinsius
747 3803 801 3851 167.
818 3802 934 3850 Irrtr'ctom
945 3805 974 3850 ud
986 3805 1092 3862 uulnera,
1104 3806 1207 3855 invulne-

166 3880 308 3942 putatorem
323 3872 413 3936 longam
427 3870 550 3936 dictquia
567 3876 662 3924 Gruter·
713 3874 795 3922 rabile.
829 3875 929 3924 Perinde
943 3884 987 3932 est,
1001 3884 1080 3926 utrum
1097 3894 1153 3928 curn
1165 3877 1208 3927 vul·

166 3949 221 3998 nien
240 3946 317 4002 suerit,
338 3961 411 4010 quum
430 3946 534 4011 Phrygia
551 3960 612 3997 esset
627 3951 662 3998 in·
712 3957 769 4010 gato
788 3968 801 3995 o
821 3951 915 3996 orrlnere
932 3949 1005 4014 legas,
1020 3966 1052 3997 nn
1068 3967 1126 3999 cum
1142 3953 1207 4000 MSS.

165 4038 253 4082 eurve;
273 4019 307 4069 iii.
324 4022 381 4068 5³³.
414 4020 460 4068 Sed
482 4037 544 4070 nuuc
566 4023 662 4074 dixisset
711 4022 863 4086 quibusdum,
875 4039 935 4087 quos
951 4023 1065 4072 Heinsius
1079 4026 1148 4093 sequi
1161 4040 1206 4074 me·

166 4097 229 4148 baud
243 4095 314 4144 dubie
327 4104 397 4143 rectu.
432 4093 507 4159 Igitur
520 4098 595 4161 lunga,
606 4098 663 4161 quia
711 4097 804 4153 luituri
815 4100 927 4155 onlnera,=
940 4114 995 4146 nom
1007 4108 1108 4164 utraque
1119 4114 1205 4165 propo·

166 4173 238 4221 babet
255 4169 330 4218 multa
349 4169 470 4225 foramina,
491 4185 564 4234 quum
585 4171 661 4235 prisce
710 4171 763 4219 sitio
786 4171 907 4235 eleganter
926 4188 969 4237 pro
988 4175 1064 4234 qnmd
1087 4171 1205 4239 adjectivis
