2774 5004
300 324 345 390 66
590 321 630 386 P.
654 318 816 387 OVIDII
844 319 1057 387 NASONIS

303 497 443 594 Coepit,
463 496 651 569 inornatos
670 494 865 568 redimitus
884 493 1066 567 arundine
1084 496 1235 570 crines:

304 612 427 686 Triste
447 611 545 709 petis
563 635 721 685 munus:
751 610 837 707 quis
852 611 953 683 enim
972 634 1042 683 sua
1058 612 1189 708 praelia
1207 612 1328 686 victus

305 728 609 801 commemorare
627 727 743 801 velit?
771 727 927 800 referam
948 738 1074 800 tamen
1098 728 1253 803 ordine:
1284 754 1349 804 nec

453 856 532 917 tarn
1329 850 1350 920 5

304 961 432 1057 Turpe
450 959 519 1032 fuit
536 958 647 1045 vinci,
667 982 782 1055 quam
800 958 1038 1034 contendisse
1056 961 1238 1035 decorum
1256 973 1332 1051 est3

304 1077 523 1174 Magnaque
541 1077 606 1148 dat
623 1075 731 1148 nobis
749 1086 878 1149 tantus
896 1077 1030 1150 solatia
1045 1077 1176 1151 victor.

306 1194 468 1268 Nomine
488 1195 518 1266 si
536 1217 613 1290 qua
631 1218 698 1265 suo
716 1193 867 1266 tandem
886 1194 1056 1290 pervenit
1072 1194 1119 1267 ad
1139 1217 1251 1270 aures

306 1311 486 1409 Dejanira
502 1321 591 1403 tuas¹
601 1337 609 1397 ;
640 1309 832 1405 quondam
849 1309 1102 1407 pulcherrima
1118 1311 1238 1406 virgo,

305 1426 592 1522 Multorumque
610 1423 680 1496 suit
697 1448 785 1521 spes
803 1424 984 1498 invidiosa
1001 1429 1215 1523 procorum.
1310 1433 1350 1500 10

307 1541 407 1615 Cum
425 1542 563 1640 quibus
581 1550 624 1612 ut
641 1539 760 1612 soceri
778 1538 912 1612 domus
931 1551 991 1614 est
1007 1541 1145 1615 intrata
1162 1545 1294 1641 petiti;

307 1657 491 1755 “Accipe
509 1680 569 1728 me
588 1654 804 1751 generum,”
820 1654 912 1742 dixi,
934 1663 957 1693 “
971 1655 1187 1733 Porthaone
1205 1661 1329 1736 nate.'’

307 1907 353 1956 lv.
367 1904 473 1953 0d.xiv.
489 1905 531 1953 25.
566 1903 703 1961 Iuornutor5
722 1902 805 1953 tertius
855 1906 1352 1967 toritartolotiaemortisndrrmbrrr,dtarrto

307 1978 433 2028 Mediccur
449 1977 530 2042 inepte
552 1980 678 2025 inauratur.
710 1977 805 2026 Horridi
854 1981 958 2028 cecidiere
968 1983 1024 2028 viro.

308 2060 333 2101 et
343 2051 426 2100 inculti
437 2049 594 2116 pingebantur
604 2048 690 2098 Fluvii.
709 2049 772 2100 Vide
782 2067 804 2098 r.
887 2054 911 2101 t.
937 2054 1038 2103 Tandem
1062 2054 1156 2120 Regios
1176 2057 1352 2124 interpretatur.

307 2143 330 2177 c.
348 2126 427 2174 Rheni
448 2124 627 2191 descriptionem
646 2123 709 2189 apud
730 2123 804 2173 etau-
853 2127 1001 2192 rliqueud03
1017 2130 1149 2180 Burmann.
1168 2132 1214 2182 hoc
1232 2150 1280 2184 ooo
1298 2152 1352 2185 oon·

308 2201 404 2251 ditinum
416 2201 489 2249 Conr.
499 2199 572 2265 Olyb.
581 2200 630 2247 210
637 2215 690 2264 sqq.
708 2201 805 2247 Arundo
854 2203 943 2265 coquit¹
950 2202 993 2250 red
1000 2214 1135 2269 corruptum
1143 2220 1194 2254 voc.
1202 2215 1282 2271 putat,
1291 2211 1353 2274 qnod

307 2274 400 2340 insigne
412 2274 556 2327 fluviorum,
567 2289 614 2338 quo
624 2273 730 2322 coronari
743 2274 804 2322 solc-
855 2284 880 2323 et
895 2276 994 2326 Heinsio
1005 2277 1081 2326 visun
1092 2279 1130 2335 sit.
1146 2280 1188 2345 qui
1200 2283 1304 2347 mugini
1316 2301 1352 2334 u-

308 2350 376 2399 brut.
392 2347 516 2412 Virgilius,
526 2347 622 2396 AEneid.
630 2346 680 2396 viii.
689 2349 736 2395 33:
754 2365 806 2396 tum
854 2347 976 2414 cripterit:
1005 2352 1071 2408 forte,
1080 2353 1174 2418 fortun.
1208 2355 1265 2420 lpte
1279 2359 1354 2416 uniit,

307 2427 383 2473 uruit
392 2425 478 2488 glauco
487 2424 575 2471 uelubut
586 2425 673 2469 amictu
685 2421 805 2479 carbasus,
847 2421 935 2486 fundo,
946 2431 972 2471 ut
983 2440 1022 2474 xv.
1034 2427 1097 2484 497;
1118 2427 1204 2492 virgil.
1218 2431 1353 2482 AEmidfu

308 2498 723 2561 nmuurrmhorategehaturuudo.
740 2496 805 2544 Con·
856 2499 896 2545 81.
928 2498 991 2547 Mihi
1010 2507 1090 2549 tumen
1106 2499 1151 2550 hoc
1168 2518 1253 2567 parum
1276 2509 1354 2572 pleoet

307 2573 344 2622 fer
353 2572 425 2622 etiarn
436 2571 514 2620 locum
526 2569 613 2619 Vellei.
624 2570 718 2618 Patere.
728 2567 754 2618 ii.
765 2572 805 2618 83.
855 2581 950 2636 propter
967 2572 1085 2636 ingratum
1103 2590 1197 2633 tonum,
1215 2594 1256 2627 uro
1267 2582 1354 2645 sande.

342 2651 367 2696 4.
387 2647 460 2695 Triste
473 2649 530 2707 petis
544 2661 641 2692 murro:
659 2643 717 2706 etc]
738 2643 807 2692 Talia
856 2643 972 2695 Uritetiur
986 2655 1032 2703 est,
1046 2649 1149 2712 risorie,
1165 2659 1192 2699 ut
1207 2652 1249 2702 vii.
1261 2655 1320 2706 694.
1329 2667 1354 2709 et

309 2721 401 2788 prreimi
415 2723 500 2776 solent,
515 2735 564 2769 rem
580 2720 696 2783 ingratam
712 2733 805 2767 narrare
855 2735 927 2784 repe.
961 2721 1176 2783 Dejaniranomim
1189 2742 1230 2774 ruo
1245 2744 1289 2793 pro
1301 2732 1353 2780 vul.

306 2798 375 2865 jurei.
389 2795 653 2858 Preliud'rgniusquanr
661 2792 805 2850 collucutio.
855 2794 914 2858 geri,
929 2810 1013 2844 nomen
1028 2796 1157 2861 Dejtnirae.
1190 2801 1274 2858 Quum
1289 2805 1356 2855 addit

305 2882 435 2922 certamen.
461 2871 558 2934 Restm
568 2871 648 2915 ordine
658 2866 758 2916 formula
767 2883 804 2915 so·
855 2885 909 2930 quo,
916 2866 1015 2926 indicat,
1027 2885 1073 2917 non
1083 2870 1142 2919 ratis
1152 2872 1271 2925 celebrem
1282 2878 1355 2929 suine

307 2946 394 3001 lenuis,
406 2954 478 2993 toturn
495 2942 527 2991 rei
541 2942 624 2991 reriem
641 2957 744 2997 namur,
759 2957 805 2991 non
855 2944 992 2991 mulierem:
1017 2945 1082 3008 quod
1099 2953 1179 2995 tamen
1195 2949 1282 3000 melin
1297 2953 1355 3004 sorte

308 3018 489 3070 nmnmrtirm.
504 3018 561 3065 3³5.
596 3015 644 3064 Noc
659 3025 706 3063 tam
722 3015 805 3077 Turpe,
855 3015 981 3066 omisisset.
1016 3018 1197 3084 tristiorum,
1210 3032 1257 3074 ete.
1286 3027 1355 3078 Idem

307 3103 357 3145 etc.
368 3093 432 3142 Vero
441 3107 455 3140 e
465 3105 536 3139 tonsu
547 3089 699 3138 Graecorum:
717 3088 772 3137 vide
780 3090 805 3138 in
855 3105 935 3139 versus
951 3089 1037 3155 legitur
1050 3093 1082 3141 ir.
1099 3093 1146 3143 79⁴
1160 3096 1214 3158 (ubi
1227 3098 1285 3150 vide
1300 3118 1353 3167 qun

308 3166 360 3216 xiii.
378 3165 417 3213 19.
449 3161 603 3212 Monetium
618 3177 634 3209 ιι
647 3162 697 3210 viro
713 3160 767 3210 sorti
780 3171 805 3212 et
855 3164 894 3214 cl.
904 3165 986 3231 Girrig
995 3165 1091 3223 dixerit,
1101 3177 1124 3216 et
1135 3184 1189 3233 qun
1200 3175 1353 3238 exemplam

308 3257 325 3290 ι
343 3239 420 3289 bettio
437 3237 525 3301 majore
542 3235 609 3284 illota
624 3234 703 3284 minus
719 3236 806 3285 acerbe
855 3238 975 3303 Propertio
986 3239 1113 3303 attulerit.)

308 3313 462 3371 habebrbur3
473 3326 496 3359 v.
507 3311 549 3358 191
560 3327 568 3370 ;
580 3308 699 3366 AElianus,
711 3309 806 3359 Varitr.
889 3314 928 3360 ll.
948 3313 1036 3371 Petere,
1057 3322 1083 3363 ut
1103 3315 1191 3374 αἰτεῖν,
1212 3323 1309 3386 proprie
1325 3325 1355 3375 de

307 3386 398 3435 Hister.
417 3383 464 3432 riv.
485 3385 515 3442 43
540 3398 611 3447 quern
628 3398 722 3432 tensum
742 3383 805 3432 leoni
855 3386 931 3451 procis
957 3387 1062 3451 puellam
1096 3391 1272 3456 ambientibur3
1308 3398 1355 3448 vid.

308 3462 382 3510 etiem
402 3458 486 3507 tribuit
506 3456 628 3512 Phaedrus,
654 3457 673 3505 i.
694 3458 744 3506 lab.
765 3459 805 3506 21.
855 3459 934 3509 Cerdo
945 3460 975 3508 ad
988 3460 1120 3525 Virgilium¹
1132 3466 1191 3514 AEn.
1200 3466 1243 3516 vii.
1253 3471 1295 3520 ⁵4.

310 3531 587 3594 Dammgtoriotum
604 3530 696 3587 Cicero,
709 3531 804 3580 Bruti.
890 3536 928 3583 12.
955 3536 1037 3596 Accipe
1057 3553 1091 3584 rue
1109 3543 1242 3605 generum]
1271 3545 1355 3597 Minis

308 3606 339 3655 de
360 3604 502 3654 Hortensio:
519 3622 571 3652 cum
589 3622 633 3667 quo
651 3615 738 3654 certare
757 3616 806 3654 erat
854 3623 917 3656 ruore
926 3609 1088 3673 antiquissimo
1098 3613 1248 3676 ambagibus,
1257 3635 1306 3668 rern
1316 3620 1352 3686 ip-

307 3681 436 3745 gloriosior,
455 3696 521 3741 quum
542 3680 631 3725 omuino
651 3681 806 3727 adversarium
854 3697 904 3730 ram
914 3682 1037 3747 proponit:
1050 3688 1159 3745 occipere,
1171 3689 1352 3754 ιιῑλιιμβάκο,

308 3771 354 3802 non
370 3754 459 3800 holere.
491 3751 578 3800 Victus
592 3763 671 3800 tamen
687 3753 807 3801 Achelous
854 3756 946 3820 proprie
961 3757 992 3806 de
1005 3757 1132 3823 adoptione
1141 3779 1149 3820 ;
1170 3761 1219 3811 vid.
1235 3765 1308 3816 Corte
1323 3768 1353 3817 ad

308 3835 368 3883 erat,
383 3843 455 3891 quum
476 3826 592 3874 Hercules
613 3826 717 3875 nondum
739 3828 807 3877 Deus
855 3831 992 3880 Sallustium
1009 3835 1066 3897 lug.
1085 3835 1122 3889 10,
1139 3837 1176 3900 (ct
1191 3853 1245 3902 qun
1261 3842 1353 3908 college

307 3911 379 3957 estet,
385 3901 491 3964 adeoque
500 3909 566 3964 turpe
574 3899 806 3963 duxerateicedere;
856 3913 934 3952 noster
944 3904 1028 3954 doctis.
1039 3909 1054 3957 J
1058 3942 1064 3954 .
1075 3907 1101 3956 L.
1112 3910 1238 3960 Bourour
1253 3914 1284 3962 ad
1295 3932 1352 3966 eun·

308 3991 358 4025 rer.
371 3976 409 4023 16.
443 3974 530 4021 Tantus
539 3976 618 4029 victor,
630 3985 734 4038 quantus
745 3976 806 4023 Her·
855 3977 909 4026 dem
920 3979 998 4028 locum
1007 3980 1101 4039 dixerit,
1111 3993 1172 4032 nost.
1183 3985 1241 4035 edit.
1252 4005 1275 4052 p.
1287 3990 1352 4053 let.)

309 4051 375 4100 cules
385 4048 439 4100 luit.
474 4048 535 4097 l'ide
547 4063 600 4111 quor
612 4048 683 4096 luerit
692 4049 805 4116 interpro·
855 4052 919 4101 Hinc
930 4053 1002 4102 etiam
1011 4055 1081 4111 hone,
1092 4061 1193 4120 accipere
1199 4073 1351 4124 generumflrt

308 4126 368 4175 totio
383 4139 433 4176 rer.
454 4125 507 4173 191.
524 4123 567 4172 lib.
580 4139 609 4172 v:
641 4123 728 4189 Μαρια
740 4126 806 4190 sem
854 4126 921 4185 alibi,
937 4133 1039 4191 occipere
1055 4136 1161 4190 amicum,
1178 4136 1204 4182 ιἰι
1219 4139 1350 4196 antem
