2774 5004
178 302 648 371 METAMORPHOSEON
672 303 763 369 niu.
788 303 857 370 lx.
977 308 1049 373 108

145 477 250 564 ideat,
270 477 376 552 Deus
394 475 515 550 omnis
533 476 668 565 habet3
690 477 903 576 crescitque
917 477 1043 555 favore

145 595 341 684 nseditio;
369 594 491 667 donec
510 616 579 666 sua
595 591 618 665 J
622 592 772 690 uppiter
787 616 854 668 ora
969 600 1045 670 426

160 721 210 798 et,
226 719 249 749 “
264 710 313 797 Ο,
328 711 445 783 nostri
464 709 495 783 si
512 732 588 806 qua
605 718 663 782 est
677 709 920 798 reverentia,”
933 712 1043 799 dixit,

145 824 276 899 ruitis?
303 837 500 900 tantumne
518 824 590 896 sibi
609 823 694 920 quis
713 848 825 921 posse
842 826 1001 914 videtur,

145 965 264 1038 noque
281 951 324 1014 ut
341 942 521 1038 superet?
550 939 654 1013 Fatis
674 939 801 1014 Iolaus
819 942 857 1014 in
875 966 1004 1032 annos,

145 1056 212 1153 git,
231 1057 363 1131 rediit:
392 1056 479 1131 fatis
492 1059 740 1153 juvenescere
758 1057 899 1132 debent
970 1065 1046 1133 430

145 1195 189 1245 oe
207 1173 347 1268 geniti;
377 1197 451 1245 non
472 1173 690 1259 ambitione,
710 1196 780 1246 nec
798 1176 924 1247 armis.

148 1310 221 1374 am,
239 1312 393 1385 quoque
411 1290 483 1361 hoc
502 1289 625 1362 animo
644 1290 796 1362 meliore
814 1289 954 1376 feratis,

145 1426 252 1499 nque,
272 1402 349 1477 sata
367 1415 525 1500 regunt:
554 1428 640 1501 quae
659 1405 690 1478 si
708 1416 852 1479 mutare
868 1407 1043 1493 valerem,

145 1528 272 1591 istrum
290 1519 364 1591 seri
382 1530 579 1594 curvarent
596 1521 739 1594 AEacon
758 1521 857 1606 anni,
971 1525 1045 1596 434

145 1658 310 1730 uumque
324 1636 392 1707 aevi
407 1637 536 1711 florem
550 1636 863 1710 Rhadamanthus
877 1638 1045 1725 haberet,

145 1747 250 1823 iinoe
268 1775 374 1839 meo;
404 1753 469 1850 qui
488 1764 642 1851 propter
660 1776 787 1827 amara
804 1763 967 1827 senectoe
1067 1751 1072 1766 ’

145 1887 176 1938 a
188 1864 407 1963 despicitur,
420 1892 503 1956 nec,
515 1894 592 1967 quo
606 1869 721 1967 prius,
734 1868 863 1942 ordine
878 1869 1048 1966 regnat.'’

145 2050 157 2096 i
170 2052 278 2108 ιιιιάιιις
295 2065 357 2098 unus
368 2050 499 2109 hidensis,
550 2061 574 2101 et
585 2051 760 2101 imbecillitates
767 2061 816 2101 tam
827 2051 908 2109 animi,
916 2069 987 2118 qnam
996 2070 1047 2103 cor·

145 2132 173 2181 t,·
190 2131 247 2172 tunc
258 2125 371 2173 Heinsius
381 2125 448 2173 malit
459 2128 499 2174 lin-
549 2125 619 2191 poris,
636 2141 695 2191 quas
716 2125 784 2175 affert
800 2135 918 2184 senectus,
935 2143 988 2192 quar
1010 2127 1046 2178 in·

145 2195 295 2262 otiosissimus
311 2207 346 2246 est
363 2197 387 2247 in
405 2199 449 2248 hoc
466 2200 501 2248 lo·
550 2200 674 2249 commoda
685 2198 744 2249 adeo
754 2217 834 2248 amoro
844 2209 867 2249 et
876 2201 957 2249 odiosa
964 2200 1048 2266 pleris-
1075 2232 1077 2237 ·

145 2286 197 2320 nere
216 2271 332 2336 exemplis
351 2271 501 2321 illustrando.
550 2289 597 2339 qne
615 2273 710 2322 senibus
728 2281 793 2329 aunt,
810 2282 837 2323 ut
854 2289 914 2323 onus
931 2291 956 2324 se
974 2277 1049 2327 AEtna

145 2354 159 2392 ιι
165 2362 175 2404 ,·
199 2343 238 2393 cui
259 2345 348 2400 faveat.
367 2348 435 2411 cujus
452 2362 501 2396 rem
550 2347 644 2411 gravius
655 2346 769 2396 sustinere
780 2346 877 2408 dicant,
895 2347 946 2398 Cic.
957 2350 1012 2399 Sen.
1023 2350 1049 2401 ii.

145 2422 236 2468 tudium
247 2419 309 2484 apud
320 2419 437 2485 Ciceigr.
444 2421 470 2470 ii.
479 2423 502 2469 7.
551 2420 628 2469 Senex
644 2428 693 2468 tam
705 2419 812 2468 infirmus
823 2435 870 2469 non
880 2438 923 2484 quo
933 2426 1000 2483 prins
1011 2440 1048 2470 or·

155 2493 324 2543 nisiiremitus.
551 2493 1049 2559 dinsrsgnot,bincdsapiciturasuis,binc

145 2580 250 2626 usrmtio
257 2594 266 2635 ,·
277 2577 358 2626 Codex
369 2576 461 2640 Regius
472 2577 502 2626 Β.
552 2567 657 2617 seditiosi
669 2568 775 2616 homines
788 2569 832 2616 snb
843 2569 886 2616 tali
900 2568 999 2632 imperio
1011 2586 1049 2619 res

145 2649 185 2704 luo
204 2654 281 2706 ruitis,
298 2650 350 2699 scil.
371 2649 501 2706 sententiis,
553 2657 624 2690 novat
645 2640 781 2689 moliuntur·
820 2641 949 2704 Conjunxit
969 2652 1049 2693 tamen

145 2723 275 2791 npimnter,
286 2732 311 2773 et
326 2725 392 2774 nullo
406 2724 503 2773 comitio
553 2716 640 2763 Noster
651 2715 722 2762 verba
732 2713 785 2770 tria,
796 2729 849 2778 quar
861 2729 909 2761 non
923 2714 981 2762 satis
992 2731 1048 2765 con·

145 2798 200 2846 Fata
210 2815 325 2860 superare,
338 2798 387 2846 sato
398 2798 503 2863 superio.
554 2789 633 2838 Venite
641 2787 759 2844 Videntur,
767 2797 860 2849 ΡΥΟΡΜ
865 2804 944 2835 ΜΜΜ
950 2791 1050 2850 pondem

148 2869 221 2935 idque
238 2880 330 2920 mutare
348 2888 423 2936 posse.
457 2871 503 2918 Pro
553 2864 685 2924 despicitur.
721 2861 809 2908 Ordine
828 2860 911 2910 Burni.
930 2871 954 2909 et
974 2861 1050 2913 schir.

161 2945 273 2994 nemim
289 2961 318 2993 ,χ
336 2945 410 2993 altem
428 2944 503 2992 Ham.
553 2934 682 2999 explicant,
693 2933 848 2994 anctoritate3
865 2949 918 2997 qus)
935 2933 1050 3001 interpre.

145 3027 155 3068 ἱ
169 3035 215 3069 uno
228 3020 347 3073 Mediceo,
359 3018 457 3067 dederat
467 3035 503 3066 rg-
553 3009 611 3057 latio
621 3010 682 3057 bene
693 3006 804 3056 convenil
811 3008 848 3072 Τῷ
857 3009 982 3070 dapiciittr
988 3027 997 3068 ς
1008 3009 1050 3060 sed

164 3094 199 3142 At
220 3094 261 3158 qui
282 3109 311 3141 ex
329 3093 450 3157 impubere
472 3091 503 3140 ad
552 3099 609 3132 usus
617 3080 846 3146 loquendieasnnon
855 3080 931 3146 magis
938 3082 1051 3143 admittit,

145 3183 165 3224 n,
175 3177 217 3216 ant
228 3167 306 3216 virile.
322 3183 395 3216 annos
410 3182 502 3231 promo.
552 3172 625 3222 quarn
637 3155 751 3206 Glareaui
762 3155 884 3212 rationem,
893 3156 934 3220 qni
944 3156 1050 3206 subdito·

145 3241 218 3289 allod-
228 3241 276 3289 Ill.
287 3241 327 3289 vii.
336 3242 361 3288 6.
375 3239 503 3305 γενόμενοι
552 3248 604 3281 rum
614 3230 773 3280 obedientiam
783 3229 941 3295 intelligebat.
958 3231 1051 3282 Passim

145 3314 247 3373 [παῖδες
254 3313 363 3376 cibatos.)
373 3329 420 3362 non
429 3320 505 3378 potest
554 3307 655 3357 occurrit
665 3315 725 3354 recte
735 3315 804 3368 ntqos
813 3304 985 3370 ordinssaesrs.
1002 3305 1049 3356 Hic

145 3405 207 3439 cere.
241 3390 375 3444 Ambitione,
387 3387 466 3435 studio
480 3387 504 3434 in
554 3385 634 3432 ordina
651 3389 696 3438 est,
713 3378 844 3445 sapienter:
862 3378 917 3428 vida
935 3379 1002 3429 eon.
1019 3380 1050 3430 ad

145 3461 220 3510 atiarn
238 3471 357 3527 suscepto.
376 3461 439 3510 Plin.
456 3460 505 3508 111.
555 3453 790 3506 Sallustcatlid.
823 3452 984 3517 (Videatiam
997 3469 1050 3519 qnae

145 3570 153 3585 .
167 3538 258 3584 ambitio
275 3545 296 3584 ct
305 3535 387 3600 favor.
420 3536 504 3591 Armis,
555 3526 908 3579 adeundemlocurndirsritcl.
925 3527 1052 3577 Buauour

146 3608 207 3658 ibus.
554 3607 580 3655 in
597 3612 674 3652 nostro
690 3600 811 3658 Sallustio,
827 3617 851 3666 p.
868 3602 897 3649 81
909 3599 931 3662 ;)
949 3616 1052 3666 namque

145 3682 312 3746 adiuncto]
325 3682 507 3739 Ordoest,Fata
556 3677 673 3744 sapientia
697 3675 801 3725 cernitur
820 3675 846 3722 in
870 3673 952 3723 ordine
975 3689 1051 3724 rerum

145 3773 182 3806 arn
198 3773 248 3813 vos,
265 3765 290 3805 et
307 3772 344 3803 me
362 3771 465 3821 quoque,
480 3763 507 3804 ut
556 3750 710 3816 agendarum.
727 3749 814 3813 Itaque
825 3756 850 3796 et
860 3747 887 3796 h.
899 3748 916 3796 l.
928 3747 962 3796 sic
973 3748 1050 3814 capio,

145 3856 146 3870 r
157 3829 252 3879 meliore
263 3830 352 3878 ieratis.
368 3828 416 3876 Hic
428 3844 508 3878 versus
557 3842 604 3874 non
614 3841 642 3874 eo
653 3821 760 3877 consilio,
771 3837 817 3870 non
828 3836 858 3870 ea
869 3820 994 3886 sapientia,
1004 3837 1052 3885 qua

145 3904 235 3969 spurius
250 3913 274 3952 et
284 3903 399 3953 delendus
410 3903 508 3952 videba-
558 3907 612 3948 unte
620 3897 742 3962 regnabat.
760 3894 889 3944 Claudiae.
898 3893 972 3944 Cous.
980 3893 1053 3958 Olyb.

145 3976 299 4042 gradationem
310 3993 365 4026 cum
375 3992 425 4042 seq.
436 3975 508 4026 efficit
558 3974 599 4023 57.
608 3983 662 4037 quot
672 3975 696 4020 in
706 3973 786 4019 ordine
794 3979 872 4034 gentes
881 3970 973 4017 raserit.
1000 3967 1052 4014 ltn-

145 4050 256 4100 baudnm.
557 4062 604 4112 qna
621 4062 667 4095 non
683 4060 742 4111 opus
757 4053 794 4093 est
809 4040 902 4092 Heinsii
918 4039 1054 4103 conjectura

145 4135 217 4173 orme
237 4122 508 4187 pondero-infirmitates
557 4125 639 4170 mnino.
