2774 5004
437 294 908 361 METAMORPHOSEON
932 294 1023 362 ΗΒ.
1047 296 1131 365 XV.
1239 299 1306 366 4⁵3

267 466 341 550 luo
360 467 472 541 simul
491 493 535 543 nc
552 471 686 555 casias,
706 481 745 544 et
763 469 869 543 nardi
887 468 983 544 leuis
1001 471 1149 559 aristas,

260 581 481 680 Quassuque
499 608 586 657 cum
603 585 703 658 fulva
721 585 924 658 substravit
939 586 1112 660 cinnama
1131 588 1302 686 myrrhn;

253 699 307 773 Se
324 724 440 798 super
456 701 627 798 imponit,
646 701 806 798 finitque
824 703 862 774 in
880 702 1057 775 odoribus
1076 728 1210 779 sevum.
1230 709 1306 779 400

252 812 350 888 Inde
368 815 504 902 lerunt,
521 817 761 914 totidemqui
776 818 900 892 vivere
918 817 1058 892 debeat
1072 842 1202 907 annos,

253 930 424 1030 Corpore
441 932 490 1007 dc
508 934 629 1029 patrio
647 957 803 1030 parvum
824 933 1005 1007 Phoenica
1021 936 1179 1009 renasci.

252 1044 382 1130 Quum
400 1048 506 1122 dedit
524 1048 611 1121 huic
630 1062 721 1123 aetas
739 1050 848 1134 vires,
864 1050 1044 1145 onerique
1062 1048 1216 1122 ferendo
1234 1062 1305 1139 est,

254 1161 493 1237 Ponderibus
512 1164 589 1237 nidi
609 1188 731 1237 ramos
749 1166 847 1239 levat
864 1166 1006 1239 arboris
1025 1165 1124 1251 altre,
1170 1168 1305 1261 [crum,

255 1279 423 1378 Fertque
450 1281 534 1377 pius
561 1302 756 1376 cunasque
783 1303 882 1366 suan,
911 1280 1158 1378 patriumque¹
1180 1282 1307 1379 sepul·

254 1395 409 1493 Perque
426 1396 527 1468 leves
546 1419 655 1468 auras
674 1394 905 1494 Hyperionis
923 1397 1015 1469 urbe
1033 1397 1186 1493 potituS,
1230 1400 1305 1470 406

255 1510 357 1584 Ante
375 1510 472 1584 sores
491 1533 617 1583 sacras
637 1507 867 1608 Hyperionis
885 1510 966 1584 aede
984 1510 1144 1608 reponit.

257 1625 299 1698 Si
318 1638 445 1699 tamen
463 1636 522 1699 est
539 1624 682 1722 aliquid
701 1624 803 1697 rnirae
821 1626 997 1699 novitatis
1015 1625 1053 1697 iu
1072 1624 1166 1712 istis,

251 1845 338 1904 pondo,
359 1842 463 1892 dubitsri
484 1849 569 1907 potest.
602 1840 668 1908 Apro
691 1851 754 1891 recte
837 1842 896 1890 401.
924 1842 984 1891 lude
995 1842 1231 1907 serunt-renosci]
1257 1843 1305 1893 Pto

254 1916 365 1966 tribuitur
384 1919 485 1977 paudum
507 1925 612 1972 rostrum,
630 1932 677 1964 non
697 1916 754 1965 item
804 1915 886 1971 vivore,
898 1914 1155 1964 Bertbiusexduobus
1164 1916 1307 1982 pervetustis

254 1989 315 2038 aliu.
350 1988 430 2054 Vulgo
439 1993 499 2038 duro
506 1989 642 2047 ,·sedunus
652 1989 754 2044 Cioluni.
805 1987 864 2051 legit
875 1992 973 2038 uincere.
1006 1989 1113 2039 Plinius:
1133 1991 1196 2039 “Ex
1212 1990 1306 2041 ossibus

254 2063 353 2112 ealon
369 2062 514 2113 Frsncotirrt.
530 2071 554 2112 et
570 2063 663 2112 Burtbii
684 2062 754 2113 codd.
805 2061 891 2112 deinde
908 2073 932 2112 et
949 2063 1060 2113 medullis
1077 2065 1129 2130 ejus
1147 2065 1213 2115 nesci
1230 2065 1306 2130 prium

254 2152 322 2197 pum,
333 2136 398 2200 quod
408 2135 496 2184 arridet
507 2136 643 2184 Burmanno
659 2146 684 2186 ut
694 2135 754 2184 ellu-

253 2210 297 2259 dst
307 2210 339 2259 sd
351 2225 439 2259 morem
447 2225 515 2259 secra
525 2210 638 2265 ieciendi,
648 2226 702 2275 qurc
712 2211 754 2259 lie·

254 2284 315 2333 bant
324 2284 389 2349 puris
399 2284 518 2334 monibus.
551 2284 699 2340 Lactantius,
709 2300 756 2333 ver.

254 2357 301 2405 77:
321 2364 337 2385 “
347 2356 469 2406 Construit
485 2355 541 2406 inde
556 2357 601 2406 sibi
616 2373 659 2406 seu
673 2357 755 2406 nidum

254 2429 306 2479 sire
318 2430 480 2496 sepulcrum,”
487 2440 513 2479 et
522 2430 608 2479 deinde
616 2430 688 2479 iidem
699 2430 756 2479 odo·

254 2519 292 2552 res
302 2512 523 2562 commemorentur,
530 2503 572 2568 qui
584 2502 638 2562 bic;
650 2503 754 2551 Plinius:

254 2584 272 2606 ⁴·
281 2578 448 2626 &noscentem
459 2577 529 2625 cusin
540 2577 646 2642 turisque
657 2577 756 2626 surculis

255 2660 392 2699 construere
403 2650 495 2708 nidum,
506 2652 596 2716 replere
607 2651 719 2699 odoribus
731 2659 756 2699 et

255 2724 430 2791 supereruori.''
465 2725 533 2774 Corio
544 2726 588 2774 luit
599 2724 660 2773 inter
671 2725 756 2773 berbss

256 2807 282 2848 et
289 2800 358 2848 flores
368 2800 509 2856 coronerios,
517 2799 649 2863 thymelen
660 2797 756 2857 cimilis3

256 2873 313 2922 vide
328 2873 426 2923 blsrtin.
437 2873 469 2923 nd
484 2874 620 2937 Virgilium,
631 2874 719 2937 Georg.
730 2873 755 2922 ii.

256 2947 315 2996 213.
335 2947 439 3003 Norden,
458 2947 545 3004 imru,
562 2963 576 2995 e
597 2947 666 3011 cujus
684 2946 755 3003 loliis,

254 3019 328 3086 spicis
338 3020 449 3070 etrsdice
460 3030 581 3086 unguento
589 3021 756 3086 pretiosissimo

255 3093 520 3150 conieceruntreteres,
530 3109 585 3158 qun
601 3093 632 3142 ab
648 3092 716 3141 Indis
731 3093 755 3141 iu

254 3165 348 3230 Syriam
361 3175 386 3215 et
400 3166 456 3216 inde
470 3167 495 3216 in
508 3168 627 3232 Europum
640 3167 755 3227 advectu

255 3238 311 3288 vide
318 3238 392 3289 Celsii
402 3240 523 3289 Hierobot.
533 3249 588 3289 tom.
597 3240 622 3287 ii.
631 3255 686 3306 peg.
696 3243 706 3288 l
717 3257 755 3305 sq.

255 3312 303 3361 Pro
319 3315 376 3362 leuis
394 3313 505 3379 permulti
522 3315 593 3362 MSS.
611 3316 649 3379 (et
666 3313 756 3378 Regius

255 3396 335 3435 noster
352 3387 400 3447 A.)
419 3389 487 3444 leon,
503 3387 528 3436 id
548 3396 593 3441 est,
610 3388 649 3437 cui
668 3388 756 3451 lanugo

255 3461 345 3510 subest.
376 3461 487 3510 Lucani.
499 3477 549 3510 ver.
561 3462 607 3509 86:
627 3469 644 3490 ‘¹
656 3461 701 3509 His
711 3461 754 3509 ad·

256 3534 294 3583 dit
313 3543 407 3583 teneres
427 3535 494 3584 nardi
517 3535 627 3599 pubentis
648 3535 756 3584 aristus.’'

257 3609 296 3658 Dc
313 3611 408 3672 myrrho
424 3609 478 3658 vide
495 3610 526 3658 sd
542 3627 565 3658 x.
582 3612 639 3658 500.
673 3611 756 3666 Fulvo,

256 3681 315 3746 quie
324 3682 419 3747 myrrbe
428 3683 622 3748 prestantissima
633 3683 704 3731 tnlem
718 3701 755 3732 re·

256 3756 301 3805 lert
317 3755 428 3812 colorem,
440 3755 503 3805 unde
520 3759 638 3820 myrrheus
652 3773 702 3821 pro,
713 3759 756 3807 flc-

256 3845 309 3878 vus.
342 3829 463 3879 Brouclh.
477 3829 508 3878 ud
525 3831 633 3895 Propert.
643 3831 691 3879 111.
703 3831 753 3879 viii.

806 2151 849 2184 ceu
867 2136 1031 2193 vermiculum,
1050 2138 1105 2187 inde
1122 2139 1172 2188 fieri
1189 2138 1307 2204 pullum.”

805 2209 942 2259 Secundum
956 2210 1016 2259 elios
1028 2211 1085 2260 solis
1103 2212 1174 2262 radiis
1190 2212 1307 2263 comburi·

806 2291 851 2338 tur,
859 2291 931 2346 utque
940 2299 953 2331 e
961 2283 1079 2332 cineribus
1087 2285 1165 2348 prodit
1174 2302 1236 2334 nova
1247 2288 1307 2345 svis,

805 2371 859 2418 qum
869 2371 939 2404 orum
955 2356 1013 2404 lscit
1028 2372 1041 2404 e
1056 2357 1167 2420 myrrhs;
1183 2358 1219 2406 illi
1235 2373 1305 2409 erce·

806 2437 861 2476 vnto
877 2427 940 2476 indit
957 2428 1070 2493 reliquias
1087 2440 1196 2494 paternas
1216 2446 1305 2496 eosque

805 2500 881 2549 defert
908 2501 932 2549 in
960 2501 1074 2568 templum
1100 2502 1307 2568 Heliopoliterum.

806 2574 919 2623 Heinsius
941 2590 1035 2623 versum
1063 2576 1121 2624 404.
1145 2575 1306 2627 adulterinum

805 2649 913 2711 putebat,
924 2648 983 2698 lorte
994 2657 1018 2696 et
1029 2657 1076 2697 tres
1089 2658 1224 2713 sequentes.
1256 2651 1304 2700 Pro

805 2722 858 2770 oltoe
879 2723 1032 2770 Burmannus
1053 2722 1138 2771 suadet
1159 2724 1232 2780 alme,
1250 2739 1304 2790 qua

807 2796 875 2861 quasi
888 2796 948 2846 aluit
963 2805 987 2844 et
1000 2795 1082 2844 eduxit
1094 2796 1252 2857 Phoenicem;
1269 2798 1308 2847 in·

806 2869 901 2932 geniose
912 2869 1017 2933 quidem,
1026 2869 1068 2916 sed
1077 2868 1160 2918 dubito
1168 2885 1199 2918 an
1206 2879 1231 2919 et
1238 2884 1304 2921 vere:

807 2944 917 2991 Lactsnt.
930 2959 979 2991 ver.
988 2944 1034 2991 39:
1054 2949 1070 2970 ‘⁸
1079 2942 1189 2992 considit
1200 2944 1225 2992 in
1235 2945 1304 2993 erbo-

806 3016 838 3064 ris
854 3016 908 3064 elta
920 3017 1015 3064 Vertice
1025 3015 1051 3062 :”
1068 3024 1092 3064 et
1107 3031 1155 3064 ver.
1167 3018 1208 3065 60.
1218 3023 1235 3046 “
1244 3016 1305 3067 Tum

806 3088 864 3151 legit
895 3088 957 3137 serio
984 3087 1110 3137 sublimem
1138 3088 1226 3138 vertice
1252 3088 1305 3155 pel·

806 3161 895 3208 mam),

839 3235 895 3282 406.
913 3234 1052 3297 Hyperionis
1061 3238 1122 3292 urbs,
1133 3234 1306 3301 Hellopolle,ib

806 3308 913 3357 confiniis
934 3309 1032 3373 AEgypti
1059 3319 1084 3358 et
1109 3308 1215 3366 Ambio,
1235 3309 1306 3360 bodie

808 3381 901 3429 Babil.
936 3381 1037 3430 Proaede
1048 3385 1144 3444 reponit,
1155 3382 1218 3446 quod
1230 3383 1306 3433 menl-

807 3457 890 3503 testem
911 3455 1122 3504 contradictionem
1141 3456 1228 3506 babere
1247 3456 1307 3507 dicit

807 3544 862 3576 curn
883 3529 960 3578 verbis
980 3540 1035 3577 onte
1045 3531 1120 3595 fores.
1158 3530 1308 3598 Scheppettts

807 3603 902 3667 corrigit
914 3606 968 3651 urbe
980 3607 1077 3666 reponit.
1105 3605 1174 3653 Unus
1184 3605 1307 3656 hidensis

807 3686 831 3724 et
844 3678 925 3742 'lbysii
943 3680 1002 3734 orbe,
1013 3688 1040 3728 ut
1056 3679 1140 3743 globus
1155 3678 1254 3743 quidem
1269 3679 1306 3729 iu·

807 3751 881 3815 tellig.
915 3753 1066 3801 burmannus
1092 3752 1175 3800 mallet
1193 3753 1261 3814 sores
1280 3750 1306 3801 in

806 3842 859 3873 oros
870 3825 963 3874 mutari.
981 3827 1091 3875 lactant.
1102 3825 1174 3879 euim.
1185 3823 1319 3884 ver.122;'

256 3904 298 3950 22.
339 3902 385 3951 Pro
405 3920 485 3967 quassu
507 3903 607 3952 Heinsio
626 3903 705 3968 placet
725 3920 754 3952 ex
807 3897 879 3962 Inque
905 3917 948 3946 arn
975 3903 1081 3954 residens,
1108 3898 1178 3945 Ponit
1203 3899 1230 3945 is
1257 3899 1305 3946 ede

256 3975 332 4025 altero
348 3970 519 4034 Kambouson,
532 3987 559 4025 ut
572 3976 755 4039 ξυλοκιννάμω-
806 3991 881 4022 suoru.

256 4057 307 4106 μον
316 4040 472 4106 intelligetur,
482 4041 545 4106 quod
555 4041 657 4090 meximo
668 4040 692 4089 in
703 4057 756 4107 pre·
839 4047 895 4093 400.
912 4046 938 4091 Si
951 4041 1182 4106 romeu-bymm]
1201 4042 1303 4102 Plinius,

257 4113 757 4170 monunconmtnonmonoueuacun
807 4118 910 4166 viiiauz
929 4125 945 4146 ¹·
956 4117 1188 4182 Hyonisutrnmqoe
1200 4131 1252 4168 csso
1262 4132 1304 4168 ns·
