2774 5004
301 340 346 408 18
595 335 635 400 Ρ.
659 331 822 399 OVIDII
847 332 1061 400 NASONIS

305 513 392 588 Non
410 513 546 586 iterum
563 509 769 607 repetenda
786 532 875 592 suo;
905 510 1118 607 pennisque
1135 511 1285 584 levatus

303 628 527 713 Antevolat;
557 625 764 722 comitique
782 625 903 712 timet,
919 626 1022 699 velut
1039 627 1132 712 ales,
1152 628 1202 700 ab
1220 628 1301 700 alto

305 742 400 828 Quae
418 755 587 817 teneram
606 741 750 839 prolem
766 740 946 837 produxit
958 741 996 814 in
1015 766 1103 816 aera
1118 742 1224 830 nido,

306 856 566 954 Hortaturque
585 855 709 953 sequi,
721 855 999 953 damnosasque
1014 857 1139 931 erudit
1156 869 1272 946 artes,
1288 863 1361 932 215

307 974 358 1049 Et
375 984 499 1047 movet
516 974 599 1071 ipse
617 995 719 1057 suas,
739 983 779 1045 et
796 971 873 1044 nati
891 973 1045 1070 respicit
1063 974 1155 1047 alas.

307 1090 390 1163 Hos
409 1089 560 1187 aliquis,
580 1087 742 1162 tremula
758 1087 848 1160 dum
873 1098 1003 1185 captat
1019 1089 1203 1164 arundine
1222 1085 1360 1189 pisces,

307 1206 387 1279 Aut
405 1216 533 1304 pastor
550 1202 699 1291 baculo,
718 1204 860 1276 stivave
879 1203 1030 1277 innixus
1048 1217 1183 1291 arator,

307 1323 423 1408 Vidit,
436 1333 475 1394 et
485 1319 702 1417 obstupuit3
720 1319 863 1416 quique
874 1320 1016 1392 aethera
1025 1344 1179 1418 carpere
1190 1332 1360 1420 possent,

310 1440 483 1514 Credidit
501 1462 586 1512 esse
600 1436 726 1511 Deos:
755 1447 796 1510 et
808 1438 887 1532 jam
905 1435 928 1506 J
933 1437 1069 1509 unonia
1085 1437 1181 1510 laeva
1288 1443 1362 1510 220

309 1556 424 1631 Parte
445 1556 579 1629 Samos
589 1554 748 1638 fuerant,
763 1553 970 1648 Delosque,
984 1552 1179 1649 Parosque
1195 1553 1359 1641 relictae3

311 1671 460 1746 Dextra
468 1668 688 1766 Lebynthos
699 1678 817 1753 erant,
824 1667 1075 1764 soecundaque
1086 1669 1198 1743 melle
1206 1670 1361 1767 Calym-

310 1786 438 1869 Quum
453 1807 547 1883 puer
564 1782 698 1856 audaci
717 1783 831 1880 coepit
849 1784 1014 1878 gaudere
1031 1785 1170 1870 volatu,
1273 1787 1359 1880 [nez

310 1900 565 1996 Deseruitque
580 1900 728 1985 ducem,
748 1899 910 1995 coelique
928 1900 1104 1997 cupidine
1117 1912 1261 1974 tractus

309 2016 434 2090 Altius
453 2017 530 2111 egit
547 2017 639 2088 iter:
669 2015 788 2113 rapidi
807 2015 943 2088 vicinia
959 2015 1059 2087 Solis
1289 2023 1362 2090 225

311 2131 438 2204 Mollit
454 2131 640 2218 odoratas,
660 2152 868 2229 pennarum
885 2130 1046 2216 vincula,
1062 2156 1182 2206 ceras.

311 2247 530 2321 Tabuerant
548 2270 662 2320 cerae:
693 2247 814 2319 nudos
829 2247 952 2343 quatit
970 2247 1033 2319 ille
1049 2249 1233 2337 lacertos;

312 2360 565 2459 Remigioque
584 2386 716 2435 carens
733 2388 807 2436 non
823 2363 918 2437 ullas
936 2365 1099 2462 percipit
1117 2390 1248 2454 auras;

314 2478 469 2576 Oraque
487 2479 659 2565 caerulea,
680 2481 843 2577 patrium
860 2482 1062 2555 clamantia
1078 2508 1228 2570 nomen,

312 2595 564 2693 Excipiuntur
579 2619 690 2692 aqua,
711 2622 796 2694 quae
815 2622 952 2671 nomen
970 2599 1085 2672 traxit
1104 2600 1152 2672 ab
1170 2601 1248 2675 illc.
1289 2608 1363 2675 230

311 2713 365 2787 At
382 2726 489 2813 pater
502 2712 645 2799 infelix,
664 2739 733 2788 nec
748 2717 827 2813 jam
845 2727 964 2815 pater,
985 2724 1009 2754 “
1027 2716 1171 2802 Icare,”
1189 2717 1299 2808 dixit,

313 2839 337 2869 ‘⁴
358 2829 501 2916 Icare,”
515 2830 626 2915 dixit,
641 2833 740 2905 “ubi
756 2833 824 2906 es?
842 2843 969 2931 quate
984 2833 1135 2928 regione
1150 2834 1363 2930 requiram?

312 2943 419 3017 lcare
432 2945 464 3015 !'’
491 2946 661 3019 dicebat:
683 2973 826 3043 pennas
843 2948 1046 3045 conspexit
1063 2946 1101 3019 in
1119 2948 1244 3034 undis,

313 3057 550 3155 Devovitque
568 3083 656 3132 suas
674 3073 785 3150 artes,
805 3087 1021 3162 corpusque
1038 3064 1211 3162 sepulcro

313 3357 339 3405 in
351 3355 481 3421 publicum.
492 3355 658 3409 'Burmannus
672 3375 686 3408 e
701 3360 812 3409 Iaeidensi
862 3363 930 3412 litore
940 3364 1006 3413 Asia
1020 3362 1117 3412 minoris
1134 3380 1182 3413 non
1196 3366 1275 3429 potuit
1292 3366 1315 3416 ei
1331 3368 1361 3416 ad

314 3438 338 3479 et
348 3429 441 3479 duobus
452 3431 506 3479 aliis
516 3431 582 3482 dedit
591 3437 707 3496 producit.
863 3439 940 3486 heom
968 3453 1028 3487 esse·
1067 3438 1105 3486 Ibi
1125 3438 1224 3487 lunonis
1245 3441 1361 3507 templum

346 3504 404 3552 218.
415 3505 490 3561 Sttoe,
501 3505 590 3570 lignum
601 3507 726 3573 illud‚qua
736 3517 813 3558 aratm
861 3527 953 3561 summa
964 3510 1076 3575 religione
1084 3512 1214 3561 colebatur.
1237 3512 1301 3563 Vide
1313 3515 1363 3563 lle·

314 3577 378 3641 apud
390 3577 487 3627 Veteres
498 3590 601 3628 aratrum
613 3581 731 3632 flectebat.
861 3587 922 3634 roid.
936 3586 970 3633 iii.
982 3587 1022 3633 60.
1053 3587 1199 3650 Calymm'um
1216 3590 1260 3635 mel
1278 3590 1362 3638 lauda·

347 3651 404 3698 219.
422 3652 545 3713 Obstupuit
566 3654 624 3710 fere,
643 3663 670 3703 ut
686 3655 750 3720 apud
767 3656 812 3704 At·
864 3670 902 3709 tur
919 3675 933 3707 a
948 3661 1071 3716 Strabone,
1083 3678 1106 3708 1.
1117 3678 1142 3724 p.
1153 3661 1209 3709 749.
1245 3663 1361 3719 celino·

315 3723 374 3771 tium
385 3733 472 3788 pastor,
483 3726 525 3790 qui
535 3727 634 3792 primam
643 3744 729 3777 navem
740 3730 812 3781 videt.
861 3733 926 3784 landi
937 3753 979 3800 per
988 3738 1063 3783 latum
1073 3745 1098 3784 et
1108 3736 1250 3800 profundum
1261 3738 1361 3788 coelum.

315 3795 368 3845 cie.
383 3798 441 3845 Nat.
457 3799 532 3848 Deor.
547 3800 621 3850 itae.
649 3804 740 3852 Versus
756 3814 813 3853 suut
894 3811 951 3857 226.
966 3810 1272 3868 Odorotusomattantum,
1285 3827 1362 3876 neque

313 3869 431 3934 preclari,
442 3870 483 3919 sed
494 3883 650 3938 apparatam
668 3876 747 3924 studio
760 3893 812 3926 esse
862 3880 921 3930 adeo
931 3883 1094 3931 Burmanuum
1111 3882 1232 3932 offendere
1247 3884 1361 3934 debebat.

314 3943 446 3999 arcessitos,
475 3954 508 4001 et,
527 3955 640 4011 tanquam
667 3948 812 4013 peculiarem
862 3954 892 4002 In
911 3958 982 4003 nudos
995 3960 1071 4018 quatit
1093 3960 1187 4006 lacertos
1206 3958 1362 4007 Nasonismus

314 4016 466 4074 sententiam,
477 4018 634 4085 interpositos.
861 4037 912 4086 αις
927 4029 1019 4091 jocatur
1035 4031 1098 4078 cuim
1114 4048 1193 4080 rursus
1210 4030 1234 4079 in
1249 4047 1275 4082 re
1292 4032 1363 4082 seria.

348 4093 404 4140 221.
416 4093 499 4149 Samos,
512 4094 572 4157 etc]
594 4096 691 4144 Eadem
709 4096 759 4144 fere
775 4097 810 4144 in·
862 4102 933 4150 Aura·
950 4112 975 4151 et
992 4108 1080 4166 percipi
1097 4105 1208 4157 dicuutur
1223 4116 1248 4157 et
1265 4111 1362 4171 concipi·

313 4165 382 4224 sule,
397 4168 451 4219 Art.
461 4168 664 4237 Amatae-ea,
695 4171 771 4220 sem·
786 4171 812 4222 iu
862 4175 1089 4228 mundatore.
