2774 5004
165 318 209 383 36
458 315 497 379 Ρ.
521 313 682 379 OVIDII
707 313 919 380 NASONIS

170 498 195 527 “
216 487 492 583 Poenarumque
510 487 601 560 Deae
619 488 799 585 triplices,
812 486 1046 575 furialibus,'’
1064 470 1196 585 inquit,

172 612 196 641 “
216 602 459 688 Eumenides,
479 603 594 675 sacris
612 603 739 675 vultus
758 602 940 677 advertite
957 614 1117 677 vestroe.

173 716 358 804 Ulciscor,
378 717 550 814 facioque
569 716 695 790 nefas:
724 740 825 789 mors
843 728 963 790 morte
980 717 1123 814 pianda
1139 729 1211 791 est:

172 830 218 903 ln
237 833 361 905 scelus
380 832 593 903 addendum
609 832 733 904 scelus
752 841 822 915 est,
838 832 877 903 in
894 831 1025 903 funera
1043 830 1176 904 funus:

172 945 249 1019 Per
266 956 504 1019 coacervatos
524 956 654 1042 pereat
671 945 805 1017 domus
824 945 940 1043 impia
956 946 1097 1021 luctus.
1147 951 1213 1020 485

172 1062 234 1133 An
251 1061 341 1134 felix
360 1061 505 1132 OEneus
525 1071 613 1132 nato
633 1060 773 1133 victore
790 1060 957 1134 frueturl

173 1176 350 1250 Thestius
368 1177 481 1248 orbus
500 1174 595 1246 eritl
623 1175 757 1246 melius
775 1175 951 1269 lugebitis
969 1177 1094 1250 ambo.

173 1291 252 1364 Vos
268 1292 380 1364 modo
397 1289 548 1363 fraterni
567 1311 708 1375 manes,
728 1288 940 1386 animaeque
957 1302 1142 1378 recentes

177 1407 351 1480 Officium
370 1406 508 1480 sentite
526 1428 673 1491 meum3
703 1427 917 1501 magnoque
933 1419 1084 1502 paratas

174 1520 349 1619 Accipite
367 1521 530 1606 inferias
547 1520 642 1593 uteri
661 1518 761 1592 mala
778 1519 934 1616 pignora
948 1522 1078 1594 nostri.
1149 1525 1216 1594 490

177 1635 251 1709 Hei
270 1636 381 1707 mihil
410 1659 485 1732 quo
503 1635 652 1733 rapiorl
680 1636 812 1709 fratres
831 1636 1014 1731 ignoscite
1032 1639 1156 1710 matri.

177 1750 370 1825 Deficiunt
387 1751 434 1822 ad
453 1762 578 1847 coepta
595 1774 750 1825 manus:
779 1753 961 1825 meruisse
978 1752 1141 1825 fatemur

178 1863 304 1950 Illum,
324 1887 391 1936 cur
408 1875 558 1961 pereat:
588 1865 718 1938 mortis
736 1866 828 1939 mihi
845 1867 1023 1964 displicet
1039 1880 1182 1942 auctor.

179 1977 280 2075 Ergo
298 1979 450 2075 impune
468 1979 582 2066 feret3
611 1980 805 2077 vivusque,
825 1995 863 2055 et
879 1981 1010 2068 victor,
1026 1993 1065 2057 et
1082 1984 1166 2081 ipso

180 2094 369 2168 Successu
383 2096 549 2169 tumidus
564 2121 721 2191 reguum
733 2097 940 2196 Calydonis
953 2099 1136 2172 habebit?
1152 2103 1219 2172 495

179 2208 258 2282 Vos
276 2209 369 2281 cinis
388 2212 547 2306 exiguus
566 2213 776 2310 gelidaeque
791 2214 967 2310 jacebitis
986 2215 1154 2288 umbrael

181 2501 219 2548 rel
233 2498 363 2562 liquoribus
373 2500 411 2548 vel
423 2500 535 2548 victimis.
569 2503 678 2551 Graviter
729 2519 808 2567 quem,
826 2503 911 2568 pignus
933 2501 1027 2559 amoris,
1046 2503 1071 2551 in
1091 2504 1142 2570 ipso
1163 2515 1225 2554 uteru

180 2574 251 2638 igitur
262 2573 313 2622 haee
324 2574 389 2637 ligna
399 2577 533 2636 sepulcrales
541 2593 593 2625 uros
601 2587 678 2633 vocat,
728 2593 780 2625 meo
792 2578 890 2643 portari.

179 2648 301 2712 inquibus
315 2648 390 2697 filium
405 2649 474 2714 quasi
485 2650 590 2699 adolebit
600 2650 625 2699 in
636 2651 678 2700 bo·
762 2653 818 2700 491.
836 2652 882 2700 Hei
900 2653 971 2699 mili!
988 2669 1030 2714 qao
1044 2653 1154 2715 rapisti]
1173 2652 1225 2701 Nou

183 2738 262 2771 uorem
287 2730 312 2770 et
337 2724 422 2771 solatia
443 2723 549 2773 fratrum.
593 2726 679 2789 Neque
730 2739 796 2774 mens
810 2741 863 2773 earn
879 2726 1006 2773 revocabat
1022 2741 1035 2773 a
1054 2741 1115 2774 novo
1132 2736 1226 2783 conatu,

180 2797 267 2845 Manes
288 2797 450 2845 defunctorum
477 2799 558 2847 statim
577 2799 680 2856 invocat,
730 2797 772 2844 sed
800 2805 867 2844 tauta
888 2805 924 2844 est
942 2796 977 2845 via
994 2798 1096 2846 materni
1111 2800 1225 2848 affectus!

181 2871 224 2918 sed
233 2872 296 2935 ipsas
309 2872 392 2919 Furias
403 2872 426 2919 in
438 2889 462 2919 re
474 2873 596 2930 horrenda,
609 2889 681 2936 quam
730 2888 811 2919 montes
819 2872 955 2933 deficientes,
967 2880 1096 2919 trementes
1109 2882 1182 2937 atque
1191 2874 1226 2921 vix

182 2944 258 2991 Furias
269 2945 290 2991 ei
301 2945 409 3007 injecisse
421 2945 570 2994 videbantur.
604 2948 681 2994 Recte
730 2945 834 3010 stipitem
849 2945 948 2993 retinere
967 2945 1081 2992 valentes.
1109 2947 1174 2996 Hinc
1185 2963 1226 2995 vox

182 3015 363 3079 igitursariulia
374 3034 449 3065 sucro.
467 3018 681 3082 Impiumfurorsm
731 3018 810 3066 invitas
839 3018 985 3083 exprimitur,
1011 3018 1057 3066 Hei
1082 3021 1158 3068 mibi!
1184 3028 1227 3069 etc.

182 3089 244 3136 bene
254 3088 365 3153 exprimit
375 3090 452 3136 verbis
467 3090 681 3154 Ulciscor-jimna,
732 3091 799 3154 eujus
806 3091 898 3140 veniam
907 3092 985 3139 statim
994 3100 1113 3156 precatur.
1134 3096 1227 3150 Auctor,

184 3176 229 3210 nec
245 3171 333 3211 temere
346 3162 481 3209 immoratur
498 3161 531 3210 rei
546 3163 623 3210 verbis
640 3179 681 3211 cu·
732 3173 807 3212 mater
819 3165 878 3229 ipsa.
905 3165 1000 3229 Dignus
1016 3175 1060 3222 est,
1071 3167 1110 3214 cui
1122 3169 1227 3217 morsiu-

184 3233 288 3282 mutatis.
321 3234 384 3283 Mors
394 3244 465 3282 morte
473 3237 560 3296 pianda
570 3245 601 3283 est
608 3253 616 3293 ,-
634 3251 681 3284 ca·
733 3238 828 3294 feratur,
841 3255 920 3287 verum
933 3255 978 3287 nou
990 3241 1020 3286 ab
1031 3239 1083 3304 ipsa
1093 3251 1176 3290 matre.

185 3307 228 3357 des
239 3309 337 3356 fratrum
348 3317 421 3356 morte
432 3308 473 3356 filii
485 3308 608 3374 purganda
619 3320 662 3358 est.
767 3313 823 3360 496.
835 3314 899 3360 Ciuis
910 3316 1021 3377 exigssts,·
1038 3312 1126 3379 'otim
1144 3313 1169 3364 dl
1186 3335 1228 3366 tes·

217 3382 274 3428 486.
291 3382 395 3445 Ansslie
407 3382 498 3437 (Encas,
511 3383 571 3445 ete]
591 3383 683 3433 Invidia
734 3386 843 3450 σόμεσθα
852 3388 934 3447 edvin
946 3388 1065 3444 Horatius,
1073 3388 1120 3436 lv.
1131 3389 1180 3439 Od.
1188 3391 1228 3439 vii.

186 3455 260 3504 hicet
272 3471 319 3504 ver.
328 3457 376 3504 494
387 3472 405 3503 s.
417 3456 524 3505 stimulos
533 3458 608 3506 addit.
634 3459 683 3507 Me·
737 3461 780 3508 16:
800 3461 882 3507 Pulvis
895 3471 916 3508 et
929 3463 1009 3508 umba
1019 3476 1097 3508 sumas
1104 3479 1113 3519 ,·
1131 3462 1228 3527 Proper·

186 3532 231 3578 lius
242 3532 347 3592 lugebitis
357 3532 428 3587 umbo,
437 3531 683 3581 detestabilisseutsu·
735 3532 791 3590 tius,
808 3533 854 3581 IV.
866 3532 890 3580 ii.
904 3535 941 3581 14.
958 3535 995 3581 En
1008 3551 1057 3581 sum
1076 3537 1135 3596 quod
1152 3538 1232 3600 digitis

185 3603 228 3651 tia.
264 3601 344 3650 Mones
361 3603 443 3652 adone
460 3619 489 3652 ex
506 3603 587 3653 inferis
604 3604 685 3654 crede·
734 3609 832 3670 pruinosis
847 3608 936 3654 leuatur
950 3624 1014 3655 osus.
1047 3607 1230 3674 lacereproprie

185 3676 272 3722 bantur
287 3673 392 3735 inferiis;
416 3676 446 3724 iis
464 3692 519 3740 ergo
535 3678 685 3727 commendat
736 3680 766 3728 ad
781 3681 883 3729 cinerem
900 3690 993 3729 tanturn
1008 3682 1120 3744 pertiuet,
1132 3698 1179 3731 non
1193 3684 1230 3732 iti·

185 3746 285 3811 officiom
305 3763 382 3803 snum,
404 3749 467 3813 quod
487 3751 628 3799 vocabulum
650 3760 686 3800 est
735 3754 790 3803 dem
811 3755 841 3803 ad
864 3756 968 3803 umbras.
1001 3755 1048 3803 Sed
1067 3755 1165 3805 solenne
1182 3767 1232 3806 erat

186 3820 282 3868 solenne
300 3820 330 3867 de
351 3821 449 3871 inferiis.
482 3823 606 3880 Μινύαι,-
631 3825 685 3872 novi
735 3826 889 3876 hocverbum
905 3829 1041 3876 omninode
1054 3831 1152 3878 mortuis
1166 3847 1231 3880 usur·

188 3891 245 3943 Orci
260 3892 352 3950 incolas,
369 3909 451 3942 recens
466 3895 574 3943 admissi:
598 3896 632 3944 sio
654 3898 685 3945 iv.
735 3917 801 3966 pare.
832 3902 871 3950 Sic
886 3912 910 3951 et
925 3903 1048 3951 cadaveris
1058 3904 1180 3967 epitheton
1193 3923 1231 3970 ge·

189 3968 245 4016 434.
256 3968 338 4015 ambre
349 3978 455 4016 recentes.
490 3970 684 4026 Sentite,intelli-
736 3976 797 4024 lidio
815 3975 845 4024 ad
860 3978 956 4026 umbras
979 3976 1127 4026 translatum.
1161 3980 1230 4027 Atta·

188 4041 379 4106 gitemgnoscito.
416 4042 685 4109 Magnoporatamag·
735 4064 790 4097 rnen
811 4051 893 4098 umbra
914 4066 957 4098 nec
978 4052 1056 4114 gelida
1077 4066 1120 4099 nec
1135 4052 1230 4110 calida;

190 4117 215 4164 ni
223 4116 301 4181 pretii,
313 4130 396 4180 nempe
409 4117 506 4180 pignora
518 4120 587 4173 ntem,
601 4116 684 4173 filium,
735 4121 776 4170 sed
794 4122 825 4171 ad
842 4132 940 4172 mortem
960 4124 1091 4189 respicitur,
1107 4141 1162 4189 quse
1178 4140 1232 4174 eum
