2774 5004
167 332 236 400 348
450 334 491 398 Ρ.
513 331 670 399 ovtnu
692 329 904 396 NASONIS

171 504 417 590 Concutiens,
435 517 476 578 et
492 505 610 577 tristis
625 506 702 578 uit:
730 513 755 543 “
772 501 859 576 Non
874 501 1033 588 falleris,
1052 503 1162 575 heros

166 619 364 706 Maxime3
384 631 557 692 natorum
568 619 694 692 vidisti
706 619 875 716 quinque
885 627 1111 715 parentem;
1131 616 1211 712 [satt

169 736 294 820 Quem
307 760 420 819 nunc,
433 748 540 808 tanta
551 736 724 808 homines
732 759 857 808 rerum
870 733 1131 807 inconstantia
1141 756 1210 806 ver-

170 849 287 925 Paene
304 851 410 923 vides
425 851 586 923 orbum:
613 849 707 946 quid
724 849 824 922 enim
841 849 932 920 mihi
949 848 1055 921 filius
1074 849 1203 921 absens

173 964 345 1038 Auxilii?
369 989 484 1061 quem
497 965 601 1037 dicta
617 988 687 1037 suo
703 965 753 1037 de
770 963 920 1037 nomine
937 963 1055 1036 tellus
1116 965 1210 1058 [tem.

172 1080 323 1154 Andros
336 1081 464 1165 habet,
480 1105 549 1178 pro
560 1092 668 1179 patre
685 1081 887 1176 locumque
903 1089 945 1151 et
955 1101 1081 1174 regna
1093 1087 1212 1152 tenen·

173 1194 307 1269 Delius
319 1195 517 1291 augurium
530 1195 636 1268 dedit
646 1195 751 1282 huic3
771 1194 878 1268 dedit
888 1194 1011 1268 altera
1026 1195 1213 1269 Liberoso

174 1309 364 1384 Femineoe
381 1310 472 1382 sorti
489 1322 576 1383 voto
593 1312 735 1407 majora
749 1308 901 1406 fideque

174 1423 360 1499 Munera:
389 1449 476 1498 nam
494 1438 599 1499 tactu
618 1438 791 1499 natarum
808 1434 946 1497 cuncta
962 1447 1149 1508 mearum,

175 1538 223 1612 ln
234 1551 415 1637 segetem,
427 1542 655 1640 laticemque
671 1543 776 1627 meri,
791 1543 1028 1637 baccamque
1043 1539 1211 1612 Minerva

174 1653 574 1745 Transsormabantur3
602 1658 785 1754 divesque
801 1668 884 1730 erat
898 1679 993 1728 usus
1010 1654 1050 1728 in
1069 1654 1155 1728 illis.

174 1768 260 1844 Hoc
278 1773 343 1844 ubi
360 1773 546 1867 cognorit,
565 1771 688 1868 Trojae
707 1772 917 1869 populator,
937 1769 1095 1843 Atrides
1110 1797 1120 1857 ;
1145 1773 1206 1842 655

175 1884 237 1958 Ne
255 1911 330 1958 non
347 1911 396 1959 ex
414 1888 542 1984 aliqua
555 1900 716 1962 vestram
734 1887 898 1960 sensisse
916 1885 1125 1983 procellam

176 1997 213 2070 N
216 2023 259 2071 os
276 2024 429 2097 quoque
447 2014 553 2099 parte
570 2015 681 2100 putes
697 2030 706 2088 ;
726 2025 913 2075 armorum
929 2001 1074 2073 viribus
1092 2024 1188 2084 usus,

177 2112 375 2187 Abstrahit
392 2115 527 2189 invitas
545 2119 687 2212 gremio
704 2117 906 2213 genitoris3
936 2117 1119 2212 alantque

176 2226 346 2326 Imperat
362 2229 576 2326 Argolicam
594 2233 739 2306 coelesti
757 2255 910 2306 munere
927 2231 1106 2305 classem.

176 2342 458 2444 Effugiuntquo
472 2371 634 2446 qnaeque
648 2359 792 2447 potest:
814 2346 961 2420 Euboea
973 2346 1136 2432 duabus,
1149 2348 1208 2418 666

177 2459 229 2534 Et
244 2461 402 2536 totidem
420 2465 517 2537 natis
535 2464 685 2538 Andros
703 2464 865 2537 fraterna
882 2462 1003 2560 petita
1020 2472 1093 2535 est.

177 2575 292 2649 Miles
310 2578 436 2666 adest3
465 2592 517 2665 et,
534 2585 571 2651 ni
588 2580 784 2665 dedantur,
804 2577 905 2651 bella
920 2576 1100 2649 minatur.

175 2689 289 2766 Victa
304 2705 407 2767 metu
426 2696 548 2792 pietas
567 2693 755 2768 consortia
772 2704 925 2790 pectora
941 2716 1066 2790 poenae

208 2957 266 3004 646.
279 2958 673 3016 1ηωηιωηείατεηωι;ἰιωιοιιη,
723 2959 810 3022 legitur
826 2962 901 3020 stirpi.
934 2958 974 3006 Ab
995 2957 1042 3006 lroc
1063 2973 1160 3006 munere
1176 2955 1213 3003 ille

176 3044 240 3093 spes.
252 3045 333 3094 pavor,
341 3049 429 3079 terrun
439 3033 545 3081 homines
555 3033 673 3089 dicuntur,
723 3033 794 3081 dictat
805 3045 861 3082 aunt
871 3034 1005 3097 OEnutropat
1015 3051 1022 3092 ;
1040 3033 1096 3081 vide
1106 3028 1215 3080 Treta-td

177 3120 314 3168 qumquam
327 3107 407 3154 multis
419 3107 477 3155 loris
487 3107 575 3156 librarii
586 3108 608 3155 ei
618 3109 673 3156 aub-
724 3107 840 3171 Lycoplu.
852 3107 919 3154 Cass.
932 3122 981 3154 ver.
994 3108 1064 3164 5703
1082 3107 1115 3154 H.
1127 3105 1215 3170 sapti-

176 3177 303 3227 stituerunt
316 3196 403 3235 oeim,
415 3180 478 3244 quod
494 3180 572 3228 notius
584 3190 627 3236 est,
638 3190 674 3229 at·
725 3195 781 3227 num
794 3183 818 3227 in
830 3195 887 3228 voce
893 3177 1010 3242 Ἀνδρος,
1026 3181 1070 3228 ubi
1082 3188 1109 3228 et
1121 3180 1152 3228 de
1167 3193 1213 3227 oon·

176 3264 223 3313 que
244 3252 428 3316 interpretationi
448 3253 545 3301 alterius
563 3254 672 3302 inservit:
724 3253 800 3300 ditors
827 3253 903 3301 Andri
929 3253 999 3301 docte
1029 3254 1118 3317 agitur.
1159 3253 1216 3300 Dira

176 3322 232 3369 uide
247 3324 382 3373 Bentleium
398 3327 429 3375 ad
443 3327 526 3375 Horat.
542 3328 586 3392 Ep.
602 3328 636 3376 11.
647 3327 674 3376 ii.
724 3337 774 3373 mt
791 3343 845 3374 usur
865 3328 963 3381 inillis,
982 3326 1118 3374 maximum
1137 3326 1217 3374 emola-

178 3395 218 3441 90·
725 3409 836 3455 mentum,
859 3415 951 3464 magna
977 3399 1071 3448 divitia
1093 3400 1153 3448 mihi
1173 3398 1218 3446 inde

209 3468 266 3514 6⁴9.
282 3468 330 3515 Pro
339 3481 413 3529 putre,
424 3471 505 3519 relicto
517 3482 590 3535 patre,
602 3475 674 3520 locun
724 3473 841 3520 redibant.

175 3550 197 3586 et
215 3556 295 3603 regim,
315 3541 369 3596 loci,
390 3543 471 3590 insulsi
493 3545 557 3591 illius
576 3562 674 3608 regnum
756 3547 812 3593 656.
831 3546 945 3600 Procrltu,
960 3555 987 3593 ut
1001 3557 1130 3608 teutpertus,
1140 3546 1170 3595 de
1184 3561 1217 3594 nt·

176 3613 286 3671 tenebat;
318 3615 350 3660 vi.
370 3616 426 3662 677.
451 3617 543 3676 Sceptra
566 3619 616 3672 loci,
637 3636 674 3666 re·
724 3618 869 3667 lumitatibus
879 3629 904 3667 et
914 3617 989 3666 turbis
998 3619 1103 3668 bellicis.

176 3700 270 3747 rumque
280 3689 430 3734 moderamen.
468 3689 519 3735 lloe
531 3688 582 3736 loco
593 3706 675 3739 nume-
756 3693 813 3740 663.
834 3693 950 3739 consortia
968 3702 1073 3752 pectora,
1099 3706 1218 3746 consona.

175 3772 213 3806 roa
228 3759 285 3806 tatis
304 3759 412 3807 evincere
431 3761 489 3808 nihil
511 3762 674 3813 Nasonianum
726 3775 1218 3831 utsupracoguutupoetorapro‚cognatns:

174 3849 226 3882 esse
247 3842 329 3882 censet
355 3833 482 3892 Heinsius5
510 3834 594 3883 suadet
619 3854 674 3901 ergo
724 3850 834 3886 consortes
844 3847 985 3887 autemmnt
994 3854 1094 3897 sorores,
1103 3850 1219 3889 uterum

176 3909 234 3955 locor
248 3916 269 3955 et
281 3924 361 3972 regnu,
372 3907 407 3956 vel
424 3910 466 3956 lori
475 3913 528 3970 jum
544 3926 615 3974 regnu
633 3923 675 3960 aut
723 3916 824 3975 maguis,
838 3913 962 3967 fraternus,
978 3911 1029 3961 viii
1040 3915 1106 3962 445:
1125 3914 1178 3962 vide
1192 3912 1218 3960 ad

174 3990 270 4043 sceptra.
304 3983 446 4046 Augurium,
478 3983 513 4030 vis
539 3982 673 4033 divinmli.
724 3984 757 4032 xi.
767 3988 825 4034 34⁸.
846 3987 917 4034 Dedit
927 3989 1141 4036 nuneestadedo.
1165 3988 1217 4034 Mox

175 4056 266 4109 Altera,
275 4054 330 4103 alia.
363 4054 432 4110 Sorti.
443 4055 517 4112 sexui,
529 4064 553 4104 et
568 4056 599 4104 vi.
609 4059 674 4118 680,
723 4075 836 4124 perquam
848 4060 982 4109 humaniter
992 4060 1112 4118 additum,
1124 4062 1177 4110 Noa
1187 4061 1218 4107 tte

174 4126 207 4174 ix.
223 4129 286 4176 676:
305 4129 385 4193 vulgo,
399 4138 423 4178 et
439 4129 463 4179 in
480 4131 564 4195 Regiis
577 4133 668 4190 nostris,
719 4134 811 4192 AEneur,
822 4143 869 4184 etc.
898 4135 1016 4192 Durdttir,
1028 4136 1157 4185 restitistis.
