2774 5004
343 334 813 402 ME'PAMORPHOSEON
838 333 928 399 Llll.
952 332 1036 399 XV.
1143 336 1214 401 4⁷9

219 507 296 581 Vix
314 533 360 584 ea
376 508 475 583 satus
493 519 586 594 erat,
606 505 732 583 media
749 531 866 604 quum
885 508 976 582 sede
987 518 1149 582 senatus

159 625 352 724 ‚Constitit
368 626 470 698 alma
485 624 628 708 Venus,
647 622 740 696 nulli
757 622 960 707 cernenda,
979 623 1115 721 suique

167 740 331 813 Caesaris
349 741 487 838 eripuit
503 740 693 825 membris,
712 762 781 811 nec
799 738 838 811 in
856 762 943 812 aera
960 738 1054 811 solvi
1141 743 1214 813 845

168 854 292 928 Passa
309 867 499 930 recentem
517 856 692 939 animam,
712 853 930 928 coelestibus
948 853 1074 926 intulit
1090 857 1215 929 astris.

169 968 351 1067 Dumque
368 972 466 1057 tulit,
478 996 618 1046 numen
635 993 784 1068 capere,
795 968 1116 1065 atqueignescere
1129 995 1216 1045 seu·

169 1081 383 1181 Emisitque
401 1086 505 1158 sinu:
536 1087 626 1158 luna
643 1085 744 1158 volat
760 1084 872 1156 altius
890 1083 965 1167 illa,
1136 1085 1215 1180 [sit

169 1198 527 1298 Flammiferumque
544 1200 697 1273 trahens
715 1199 883 1296 spatioso
899 1198 1017 1272 limite
1036 1199 1177 1271 crinem

171 1314 292 1388 Stella
305 1314 432 1400 micat,
446 1315 600 1409 natique
610 1314 741 1387 videns
758 1312 968 1398 benefacta,
984 1312 1121 1386 satetur
1141 1318 1215 1386 850

170 1426 269 1503 Esse
285 1432 364 1503 suis
382 1433 534 1526 majora,
554 1441 594 1504 et
610 1430 709 1503 vinei
727 1431 869 1525 gaudet
886 1431 934 1504 ab
953 1430 1028 1503 illo.

168 1541 243 1615 Hic
263 1568 332 1617 sua
349 1545 514 1642 praeferri
532 1569 748 1641 quanquam
765 1555 869 1619 vetat
886 1558 970 1618 acta
987 1547 1164 1643 paternis,

168 1656 306 1732 Libera
321 1658 421 1732 fama
437 1670 576 1744 tamen,
597 1659 785 1754 nullisque
802 1660 968 1733 obnoxia
979 1660 1112 1756 jussis·

169 1770 334 1847 Invitum
352 1774 513 1872 praefert,
529 1798 681 1870 unaque
699 1775 736 1847 in
755 1789 861 1873 parte
879 1787 1075 1873 repugnat.

170 1887 237 1960 Sic
255 1889 380 1983 magni
394 1890 496 1962 cedit
509 1888 629 1963 titulis
644 1889 939 1984 Agamemnonis
953 1890 1113 1966 Atreus:
1143 1897 1216 1965 855

167 2001 290 2098 AEgea
307 2005 361 2077 sic
379 2004 562 2091 Theseus,
583 2003 637 2077 sic
656 2005 775 2079 Pelea
790 2007 907 2080 vincit
923 2006 1104 2081 Achilles.

168 2116 346 2215 Denique
364 2132 407 2192 ut
422 2120 608 2216 exemplis
626 2119 730 2218 ipsos
748 2122 987 2217 aequantibus
1005 2132 1102 2206 utar,¹

168 2231 235 2305 Sic
252 2245 292 2307 et
311 2234 495 2308 Saturnus
512 2235 634 2308 minor
651 2249 710 2309 est
727 2236 844 2311 Jove:
866 2238 1043 2336 luppiter
1059 2263 1165 2313 arces

165 2347 371 2447 Temperat
387 2352 572 2437 oetherias,
592 2364 631 2424 et
648 2353 778 2425 mundi
797 2377 912 2448 regna
930 2354 1128 2427 triformis:

166 2467 285 2538 Terra
294 2467 365 2539 sub
376 2465 567 2562 Augusto:
583 2478 689 2564 pater
700 2478 759 2541 est
769 2478 808 2540 et
818 2478 941 2540 rector
952 2478 1123 2564 uterque.
1141 2473 1215 2541 860

220 2581 280 2669 Dr,
294 2606 436 2680 precor,
454 2583 583 2656 AEneae
598 2584 767 2670 comites
780 2583 917 2681 quibus
932 2583 1046 2668 ensis,
1059 2594 1098 2656 et
1116 2583 1215 2679 ignis

165 2829 242 2885 Alibi,
258 2847 344 2878 summo
361 2848 411 2879 ors.
445 2831 532 2879 Similis
548 2831 666 2880 sententia
716 2831 757 2880 rii.
777 2833 823 2880 50:
850 2838 866 2858 ‘¹
879 2832 937 2880 Orte
957 2831 1067 2888 Saturno,
1085 2831 1128 2879 tibi
1156 2849 1214 2882 cure

166 2902 190 2950 in
211 2901 311 2967 Epicerl.
330 2903 404 2952 Drusi
422 2921 457 2952 vs.
473 2905 520 2952 61:
545 2910 561 2932 ¹‘
573 2921 665 2954 summa
716 2904 795 2970 magni
807 2905 908 2955 Caesaris
919 2905 973 2954 fatis
983 2905 1053 2954 deta:
1071 2914 1098 2954 tu
1111 2906 1215 2955 secundo

165 2992 234 3025 secer
250 2976 291 3026 ille
306 2978 398 3026 locatus
414 2979 438 3026 in
453 2993 516 3034 arce,
527 2979 577 3027 Res
590 2978 664 3026 horni-
716 2979 811 3027 Caesare
821 2994 913 3042 regnes.
935 2978 969 3026 'l‘e
980 2978 1056 3027 minor
1064 2980 1139 3027 latum
1150 2990 1216 3044 reget

164 3066 222 3098 num
245 3066 274 3100 ex
295 3058 346 3100 tuto
367 3066 461 3100 cernere
479 3053 565 3116 dignus
585 3052 664 3101 erat.''
716 3053 899 3116 equusorbem:
917 3053 953 3101 Tu
964 3051 1030 3116 gravi
1043 3068 1111 3102 curru
1122 3054 1215 3116 quaties

167 3125 198 3173 V.
210 3124 287 3174 voli.
297 3126 390 3190 p.410.
716 3125 872 3189 Olympum.”
900 3125 1165 3175 Conferl'ast.ii.130.

200 3199 258 3245 649.
272 3197 486 3264 Flammfferumque
498 3199 664 3262 trudensem]
748 3200 805 3246 sel.
826 3200 902 3247 AEneae
917 3202 1014 3255 comiter,
1029 3200 1139 3254 Penates,
1155 3216 1215 3264 quos

164 3271 302 3327 Suetonius,
320 3272 371 3322 Jul.
382 3272 444 3322 Cres.
456 3274 513 3320 RS:
531 3279 548 3300 “
559 3273 588 3321 ln
600 3274 665 3321 Deo·
715 3272 825 3320 incendio
843 3273 944 3337 Trojano
965 3282 1058 3337 ereptos
1075 3272 1100 3321 in
1120 3273 1214 3323 Iastium

164 3361 218 3394 rum
242 3361 365 3395 numerum
386 3347 474 3395 relatus
494 3356 538 3404 est,
558 3363 603 3396 nou
626 3363 664 3396 ore
715 3345 922 3393 advexitAEueas.
951 3346 989 3393 Ab
1001 3345 1038 3393 his
1050 3345 1135 3394 diversi
1152 3350 1213 3395 indi·

164 3419 236 3468 modo
253 3418 439 3475 decernentium,
458 3419 499 3467 sed
523 3428 547 3468 et
568 3435 664 3484 persua·
712 3429 781 3484 getes,
792 3418 911 3484 ἐγχώριοι,
924 3419 1215 3485 inquibusipseAEueas3

163 3492 230 3541 sione
251 3492 325 3556 vulgi.
365 3493 488 3558 Siquidem
513 3493 584 3550 ludis,
605 3510 665 3558 quos
715 3494 762 3540 xiv.
778 3494 834 3541 608.
870 3494 1002 3558 Expressus
1019 3502 1099 3542 autem
1119 3493 1214 3545 locuse

163 3565 252 3630 primos
276 3565 298 3614 ei
321 3566 396 3615 haeres
419 3565 539 3631 Augustus
569 3567 665 3625 edebat,
716 3567 824 3632 Virgilio,
837 3569 925 3630 Georg.
934 3567 950 3616 i.
959 3569 1015 3616 498.
1040 3569 1146 3626 Genitor,
1158 3586 1215 3619 con-

164 3639 235 3688 stella
251 3639 336 3688 crinita
352 3658 393 3705 per
414 3651 503 3706 septem
521 3641 572 3689 dies
588 3641 663 3690 conti·
715 3641 784 3697 ditor,
796 3644 867 3689 urbis.
896 3641 948 3691 cic.
960 3641 990 3690 de
1001 3641 1057 3690 Div.
1069 3642 1085 3691 i.
1096 3645 1120 3692 2.
1135 3644 1214 3707 Hujus

165 3729 225 3761 nuos
240 3712 314 3768 fulsit,
325 3714 432 3763 exoriens
442 3715 506 3762 circe
515 3714 665 3763 undecimam
715 3718 778 3763 urbis
792 3732 873 3776 parens
884 3716 1009 3773 Romulus,
1026 3715 1108 3771 Silius,
1121 3716 1146 3765 ii.
1155 3718 1211 3765 654.

165 3787 666 3852 horam:creditumqueest,animamesse
714 3806 796 3850 persus
815 3805 939 3844 murorum,
962 3789 1001 3836 ubi
1016 3788 1071 3835 vide
1091 3789 1213 3836 Drakenb.

165 3859 268 3910 Caesaris
282 3861 307 3908 in
322 3862 410 3910 coelum
420 3862 525 3927 recepti:
543 3870 568 3911 et
577 3861 623 3910 hac
634 3862 665 3910 de
717 3863 865 3917 Domesticos,
883 3863 1015 3911 Palatinus.
1042 3861 1081 3909 Cl.
1097 3862 1178 3909 Horat.
1191 3865 1212 3911 l.

164 3948 239 3982 causa
247 3933 371 3984 simulacro
380 3936 432 4001 ejus
440 3935 559 3985 invertice
571 3935 665 3984 additur
716 3937 760 4000 Ep.
778 3937 812 3984 iii.
834 3938 871 3984 17.
907 3937 983 3983 Tarda
1003 3937 1040 3989 rit,
1057 3943 1103 3982 etc.
1136 3935 1212 3984 Hora·
1278 3942 1282 3952 '

166 4007 261 4056 stella.”
282 4008 345 4056 Vide
356 4025 435 4075 supra,
447 4011 504 4058 749.
716 4009 771 4063 tius,
782 4010 804 4056 1.
815 4009 863 4057 0d.
874 4009 899 4057 il.
910 4011 956 4056 ⁴5:
974 4014 989 4035 ·‘
1001 4009 1071 4054 Serus
1083 4007 1107 4055 in
1123 4008 1212 4056 coelum

199 4083 256 4130 859.
278 4082 415 4148 Trifernum
438 4083 492 4133 vide
514 4084 544 4131 ad
562 4084 603 4131 xii.
625 4085 665 4130 40.
715 4082 805 4135 redeas,
816 4082 903 4147 diuque
920 4081 999 4128 Laetus
1016 4079 1108 4129 intersis
1125 4083 1213 4146 populo

165 4155 288 4219 Expressit
298 4161 378 4204 autem
388 4155 480 4204 Horatii
492 4157 579 4211 locum,
586 4157 607 4205 l.
617 4156 665 4204 Od.
717 4154 837 4212 Quirini.''
