2774 5004
207 322 676 392 HETAIORPHOSBON
699 325 791 392 mu.
809 326 900 392 ΧΠ.
1008 326 1075 392 Μ

149 497 278 584 tdhue,
296 498 423 597 operis
440 499 557 572 nostri
576 499 785 598 populator,
804 498 986 573 Achilles.
1008 533 1017 551 ·

149 612 211 685 uni
230 636 294 688 se:
322 612 422 700 faxo,
440 615 576 713 triplici
596 617 689 713 quid
706 614 864 714 cuspide
882 613 1038 712 possim,

149 738 196 803 tt:
216 738 256 801 at
268 729 446 826 quonium
455 754 679 806 concurrere
692 731 863 806 cominus
874 730 973 804 hosti
996 732 1069 804 696

148 842 254 929 latur,
273 846 422 919 occulta
439 869 508 919 nec
526 849 681 945 opinum
699 847 815 946 perde
832 845 983 942 sagitta.

148 968 192 1047 .t;
222 969 337 1056 atque
355 962 478 1035 animo
496 964 634 1060 pariter
652 974 862 1061 patruoque
880 984 1026 1056 suoque

148 1098 159 1145 r
177 1073 389 1170 indulgens,
408 1077 547 1152 nebula
563 1081 709 1152 velatus
727 1079 765 1150 in
783 1099 919 1173 agmen

148 1189 203 1262 nit
221 1189 390 1276 Iliacum,
410 1193 611 1291 mediaque
629 1195 666 1267 in
684 1193 788 1266 caede
805 1191 967 1264 virorum

147 1324 212 1400 per
228 1304 377 1400 ignotos
392 1320 633 1405 spargentem
651 1309 771 1383 ceruit
788 1306 952 1380 Achivos
994 1307 1069 1376 600

147 1419 255 1494 ’arinz
271 1419 620 1518 fassusqueDeum:
639 1423 774 1508 “Quid
786 1417 1068 1519 spieulaperdis

147 1533 217 1608 tine
229 1536 352 1632 plebis
363 1534 399 1608 l”
411 1538 484 1611 ait:
504 1548 527 1576 “
540 1540 570 1611 si
582 1538 797 1637 quaesttibi
805 1558 895 1610 cura
905 1546 1066 1618 tuorum,

147 1672 179 1722 re
198 1649 234 1721 in
253 1650 447 1737 AEaciden‚
467 1677 662 1751 caesosque
679 1652 862 1726 ulciscere
880 1645 1050 1723 fratres.''

147 1788 155 1837 :
183 1775 223 1836 et
239 1767 442 1839 ostendens
459 1779 688 1842 sternentem
705 1767 818 1841 Troia
834 1766 930 1840 ferro

146 1902 194 1953 rra
212 1879 383 1966 Peliden,
403 1907 511 1958 arcus
529 1884 688 1960 obvertit
706 1884 744 1956 in
761 1882 879 1968 illum,
993 1880 1066 1953 605

146 2079 199 2127 idos
231 2080 362 2128 Vaticanus
383 2081 480 2146 primus,
495 2092 520 2131 et
570 2098 606 2134 res
626 2090 749 2141 sterneret,
768 2081 826 2132 dnm
853 2080 961 2130 Achilles
987 2086 1067 2128 uersu

146 2151 330 2212 inoperirrwrtri
341 2155 519 2220 visurumquod
569 2165 710 2222 superesset,
729 2165 794 2206 metu
818 2155 878 2205 solvi
903 2152 999 2218 ijsni
1020 2166 1068 2201 non

145 2227 328 2290 manuque
341 2242 408 2277 sacre
420 2228 520 2293 Trojn
570 2240 685 2295 poterunt.
722 2231 827 2279 Florent.
843 2224 1067 2292 MS.gmra.quo‹l

145 2307 225 2357 tsnt3
235 2299 270 2348 sic
280 2302 365 2348 sistere
373 2302 445 2350 etiem
455 2301 519 2366 upud
570 2304 668 2354 Heinsio
678 2305 798 2370 plesebnt,
808 2301 849 2367 qui
860 2301 1066 2366 interpretentur,

145 2370 268 2426 ¹r¹i·2⁶·5·
570 2379 629 2427 bene
647 2393 675 2427 ac
691 2377 766 2443 perite
782 2385 850 2424 torta.
883 2374 917 2422 At
931 2373 951 2421 si
967 2372 1013 2421 hoe
1026 2387 1066 2420 vo-

145 2444 177 2492 lnt
188 2460 210 2493 rs
219 2446 296 2502 alteri,
307 2445 347 2510 qui
359 2446 381 2493 ei
392 2445 475 2494 obvius
486 2446 519 2496 fit.
569 2451 652 2500 luisset
658 2461 734 2515 poste,
742 2445 908 2499 dixissetlrsrul
916 2445 987 2495 dubie
994 2455 1067 2495 certa.

145 2517 213 2570 fazin
228 2520 303 2583 antiq.
314 2535 356 2584 pro
371 2519 467 2575 lucium,
479 2529 520 2570 eut
570 2526 681 2591 Spargere
694 2526 748 2580 uls,
762 2532 788 2571 ut
802 2536 907 2584 spargas
915 2519 1032 2583 fulmina,
1047 2518 1065 2568 i.

149 2590 519 2657 Occulta,quiarlpollonebuls
569 2601 631 2659 2535
657 2614 763 2664 spargere
782 2599 876 2661 glsrrdsr
896 2594 979 2658 surrds
999 2591 1063 2658 apud

145 2680 172 2714 en
181 2668 328 2715 oernebstur.
569 2673 737 2730 Claudianum,
750 2671 790 2719 vii.
801 2671 842 2719 60.

144 2740 225 2797 'sturm
238 2757 280 2807 pro
294 2743 374 2802 putrui
386 2741 463 2805 (quod
477 2742 519 2790 ht·
601 2748 658 2796 601.
675 2747 756 2795 Fessus
771 2745 853 2799 Druse
864 2748 989 2806 postquam
1003 2738 1064 2787 indi·

144 2814 187 2877 ‚ii‚)
198 2825 225 2864 ut
240 2817 272 2865 xi.
287 2818 342 2865 ³28.
352 2820 519 2878 putrescendo,
569 2829 672 2878 curem,
688 2836 713 2870 se
731 2820 810 2868 Deum
827 2831 886 2871 esse,
904 2823 930 2863 ut
945 2814 980 2864 iii.
999 2815 1022 2862 l.
1038 2822 1064 2862 et

144 2891 373 2952 unumunurm.
408 2891 520 2940 Libenter
568 2895 674 2959 pluribus
684 2893 750 2944 loeis.
768 2892 845 2941 Etiam
855 2888 920 2954 apud
928 2887 1063 2952 Virgilium,

144 2961 194 3011 itur
215 2980 267 3013 voc.
287 2964 404 3029 adjective
423 2972 520 3013 utuntur
570 2971 626 3018 AEn.
637 2969 668 3018 ri.
680 2968 720 3018 67.
731 2966 819 3033 Apollo
833 2962 926 3013 Paridis
939 2962 1013 3011 telum
1026 2960 1065 3010 ‹li-

144 3035 189 3085 u'de
200 3037 323 3086 Drakenb.
339 3038 370 3086 ud
383 3039 475 3096 Silium,
486 3039 519 3088 iii.
568 3043 621 3107 rigit
652 3044 677 3092 in
706 3042 837 3096 Achillem,
864 3034 1062 3103 quenadmodum

162 3113 226 3177 upud
249 3114 361 3161 Nostrum
382 3124 520 3162 autumnum
568 3112 919 3179 Hectormorisnspmdixsmt.
936 3111 1061 3164 Homerum

143 3189 223 3233 teritus
239 3189 317 3243 lectur,
334 3187 412 3251 infans
430 3204 518 3244 maura,
569 3191 599 3239 ll.
613 3198 644 3240 x.
656 3190 762 3240 :treta
773 3187 814 3237 κέν
825 3204 851 3235 σε
864 3183 941 3248 Πάρις
953 3184 994 3231 καὶ
1005 3183 1063 3231 θοί-

143 3262 302 3325 rsr'rululgem,
313 3263 446 3325 obsequens
460 3261 519 3309 into
568 3263 614 3326 βος
629 3265 763 3313 Ἀπόλλων
776 3260 896 3310 tutem
908 3257 946 3306 ἐνὶ
962 3256 1065 3321 Barim

143 3331 213 3381 nimi.
570 3339 689 3403 πύλῃσιν.
704 3336 777 3402 Apud
788 3334 873 3392 Quint.
882 3330 979 3380 cnsbr.
990 3329 1024 3378 iii.
1033 3330 1066 3379 60

143 3406 241 3468 imper
250 3410 344 3471 ignotos,
356 3407 418 3470 etc.]
432 3405 519 3470 Dupli-
569 3426 623 3474 sqq.
651 3409 739 3476 Apollo
751 3409 810 3473 ipse,
823 3407 875 3455 sine
889 3403 983 3453 Peridis
994 3403 1064 3452 mini·

143 3478 177 3543 git
195 3480 313 3544 ignaviam
336 3480 436 3536 Paridis,
454 3480 517 3544 quod
569 3485 646 3539 sterio,
654 3484 761 3532 vulneret
769 3480 898 3530 Achillem.
909 3477 1063 3543 Sumptel't·

158 3554 256 3617 spargit,
268 3563 292 3602 et
308 3555 370 3618 quod
386 3570 415 3602 es
427 3569 468 3618 per
483 3557 518 3617 ig-
569 3557 625 3605 ridis
638 3558 712 3605 forms
725 3572 780 3605 eum
792 3554 817 3604 id
834 3553 916 3602 iecisse
928 3551 1001 3600 trudit
1013 3550 1064 3615 lly-

142 3627 229 3675 nubiles
251 3628 318 3691 (vide
341 3629 371 3675 ed
394 3630 426 3676 ix.
448 3629 518 3687 669.)
568 3631 778 3693 ginus‚lsb.107.
812 3627 899 3676 Asulo
912 3625 998 3674 Paride
1009 3639 1065 3673 eum

142 3700 184 3748 sed
202 3702 257 3765 quis
272 3702 393 3766 precedit,
405 3706 478 3749 merliu
493 3705 519 3748 in
569 3705 687 3752 sublatum
697 3696 1066 3761 memorent.rernotisfigmsntis

142 3791 208 3830 rrum,
229 3785 253 3823 et
269 3777 325 3841 quia
348 3776 435 3840 Apollo
454 3775 518 3823 dolet
569 3778 676 3841 poeticis,
689 3779 767 3825 Dares
782 3774 908 3838 Phrygius,
923 3789 977 3836 cap.
989 3773 1029 3820 35.
1040 3780 1065 3819 et

141 3847 518 3913 urnspiculeinsunguineplebis‚
570 3851 656 3915 Dictys
669 3851 735 3901 Cret.
747 3851 778 3897 iv.
789 3852 813 3897 2.
850 3848 948 3901 Vertere,
964 3843 1063 3892 transfer

142 3936 221 3969 tram
242 3925 287 3970 tela
315 3924 450 3971 Burmanni)
473 3939 518 3970 non
569 3925 617 3971 tela
627 3932 670 3972 tus
680 3924 710 3972 sb
719 3923 770 3971 istis
781 3924 805 3970 in
816 3919 942 3969 AEscideu.
968 3916 1063 3976 Spicula

159 3996 263 4062 Coujicit
278 4014 341 4062 ergo,
355 4016 424 4055 runa,
436 3997 461 4045 id
474 4007 518 4053 est,
567 4002 661 4058 perders
674 3999 699 4046 in
710 4000 822 4061 sunguine
831 3997 902 4055 pteris
915 3992 1001 4038 frustra
1010 3986 1064 4034 mit-

144 4086 173 4119 ex
188 4072 275 4135 quibus
287 4071 346 4120 nihil
359 4072 389 4119 nd
403 4087 520 4120 summurn
570 4081 618 4121 tere
634 4072 683 4120 tels
695 4071 720 4120 in
736 4071 823 4119 milites
837 4065 961 4131 gregurioer
977 4061 1064 4142 quibuf

141 4145 181 4193 bat
193 4145 310 4203 utilitatis,
321 4145 387 4210 quis,
399 4144 455 4195 licet
467 4146 520 4210 plu·
570 4145 699 4194 interiectis
710 4143 769 4192 nihil
782 4143 886 4191 lucretur
895 4150 987 4186 summe
998 4134 1065 4184 bellt-
