2774 5004
291 330 359 399 208
586 326 626 391 P.
650 322 805 391 OVIDII
829 317 1040 387 NASONIS

293 502 420 579 Verrit
437 501 593 574 humum
610 497 726 596 Tyrio
744 505 913 570 saturata
928 492 1071 567 murice
1088 489 1214 589 palla:

295 618 602 712 Distinctamque
619 612 732 686 fidem
752 610 924 708 gemmis,
943 617 983 683 et
999 605 1180 681 dentibus
1199 603 1298 678 ludis

294 733 468 807 Sustinet
486 753 509 804 a
525 730 618 802 laeva
630 753 639 801 ε
650 722 654 731 “
667 725 790 800 tenuit
807 748 941 799 manus
959 723 1077 797 altera
1090 721 1288 819 plectrum.

293 845 459 921 Artificis
478 855 599 918 status
618 843 700 941 ipse
718 841 810 915 fuit:
838 851 920 913 turn
938 836 1101 911 stamina
1118 835 1234 909 docto

291 961 437 1038 Pollice
455 959 653 1033 sollicitat:
683 980 843 1054 quorum
861 953 1060 1027 dulcedine
1078 960 1219 1049 ceptus
1271 953 1327 1021 170

294 1079 403 1153 Pana
414 1077 525 1175 jubet
542 1074 698 1147 Tmolus
715 1072 870 1146 citharae
889 1067 1111 1142 submittere
1130 1088 1283 1140 cannas.

292 1193 316 1267 J
318 1192 486 1267 udicium
499 1190 697 1286 sanctique
715 1188 839 1287 placet
856 1182 1044 1258 sententia
1061 1181 1204 1254 montis
1373 1258 1376 1289 ξ

294 1306 503 1382 Omnibus:
533 1305 701 1401 arguitur
718 1312 857 1386 tumen,
877 1309 994 1395 atque
1011 1296 1156 1394 injusta
1171 1303 1316 1370 vocatu

293 1423 418 1497 Unius
436 1445 611 1495 sermone
629 1419 769 1493 Midae:
797 1439 868 1491 nec
888 1414 1021 1489 Delius
1039 1436 1152 1487 aures

292 1537 508 1613 Humanam
526 1537 682 1610 stolidas
700 1533 840 1633 patitur
857 1529 1018 1604 retinere
1035 1527 1220 1623 figuram3
1273 1527 1329 1597 175

293 1653 371 1728 Sed
388 1653 503 1727 trahit
519 1653 558 1725 in
573 1652 749 1750 spatium,
768 1648 942 1745 villisque
960 1643 1180 1720 albentibus
1198 1640 1332 1740 implet,

292 1766 574 1864 instabilesque
588 1766 663 1839 imo
682 1764 784 1852 facit,
803 1773 843 1837 et
857 1762 923 1835 dat
940 1783 1053 1860 posse
1067 1756 1226 1832 moveri.

290 1999 473 2048 delebutertulis
483 1999 583 2047 illudere
591 1999 662 2059 pulte
689 1995 737 2046 Sed
748 2013 790 2063 pro
840 2004 856 2053 i.
876 2004 916 2053 69.
944 2017 1016 2068 quem
1037 1999 1152 2051 describit
1172 1997 1336 2059 Quintilium.

289 2071 490 2128 Withoeloeo·
504 2087 565 2120 unus
582 2071 635 2119 MS.
646 2070 791 2120 Basileensis
840 2077 900 2126 lust.
911 2078 954 2126 Or.
964 2076 987 2126 I.
997 2075 1030 2124 si.
1046 2075 1082 2124 16.
1109 2070 1334 2132 summamus.

289 2145 580 2210 sulcutmtiseleganter.
597 2142 790 2201 Claudianum
840 2152 917 2216 Supra
919 2151 967 2214 fite
978 2153 1092 2198 mutis.
1118 2148 1216 2198 laudet
1226 2149 1337 2197 eumu-

290 2219 389 2284 Butrop.
405 2218 432 2267 ii.
452 2219 509 2268 ³00.
526 2235 609 2267 eunus
629 2221 706 2267 sulcet
719 2221 792 2283 juga.
842 2238 886 2272 nus
901 2239 915 2271 e
930 2223 1047 2272 catalect.
1061 2221 1207 2288 Piraian
1221 2219 1336 2270 157111.

291 2291 403 2340 Sutusutu
420 2292 489 2355 Tyrio
506 2296 601 2348 murias,
622 2293 680 2340 sads
698 2291 790 2340 imbuta
839 2301 885 2346 sica
902 2300 1036 2363 contingens
1051 2297 1129 2345 subtili
1146 2299 1249 2345 eunies
1265 2295 1336 2358 psh-

290 2365 368 2415 eolore
378 2381 504 2432 purpureo.
531 2367 603 2415 Satur
612 2367 698 2416 colore
711 2363 790 2413 Plinio
840 2371 964 2428 Sollicitat,
974 2369 1085 2436 percutit,
1097 2370 1195 2436 pulsat;
1212 2383 1271 2418 nem
1280 2368 1336 2416 relli-

292 2448 372 2489 notus.
407 2439 482 2498 Fides,
499 2439 609 2500 cithara;
628 2439 749 2494 Horatius,
765 2438 788 2487 1.

292 2514 340 2565 od.
348 2513 406 2564 xvii.
415 2516 515 2579 lilfides
521 2514 588 2571 Tsiu,
595 2515 648 2578 lyra
654 2514 790 2563 Anacreon-

291 2587 391 2639 tisTeii.
406 2587 710 2639 GlossariumGrecoIat.
716 2587 789 2644 Fidis,

289 2661 364 2728 tropa,
375 2662 472 2728 adden.
508 2664 566 2712 Erat
577 2667 701 2718 isstmsetu,
713 2662 788 2718 culte,

289 2747 381 2788 ornata.
414 2736 477 2787 Vide
494 2736 619 2786 Heinsium
636 2735 667 2784 ad
681 2737 745 2784 Fast.
762 2734 789 2785 ii.

291 2814 357 2871 ³183
381 2811 506 2877 Apuleius,
524 2811 612 2860 Florid.
629 2810 645 2858 i.
665 2810 696 2858 de
713 2809 787 2875 Apol·

192 2915 199 2924 -
291 2886 356 2935 line:
374 2883 465 2943 “Quid
478 2885 542 2950 quod
558 2894 582 2933 et
596 2883 648 2950 lyra
663 2883 715 2948 ejus
731 2898 789 2932 auro

290 2958 403 3023 fulgurat,
417 2960 487 3007 ebore
502 2958 621 3013 candicat,
637 2956 736 3021 gemmis
747 2971 788 3004 vs·

289 3031 418 3095 riegatur.”
439 3030 462 3078 A
472 3031 568 3080 Tibullo
578 3030 603 3079 d.
612 3031 631 3078 l.
641 3030 663 3078 ei
671 3029 788 3086 tribuitur,

283 3105 384 3171 fulgens
395 3107 507 3154 testudine
518 3114 541 3152 et
551 3121 609 3151 auro
622 3105 673 3167 lyra
683 3121 691 3160 ,·
708 3111 733 3150 et
743 3103 791 3151 lv.

289 3179 323 3227 iii.
334 3181 375 3226 22.
387 3181 514 3227 testudines
530 3177 611 3226 Pltoebe
623 3178 716 3238 supuda
729 3178 790 3238 lyra.

290 3252 337 3301 Sed
356 3253 400 3301 boc
418 3253 470 3301 loco
488 3250 592 3317 plurimi,
608 3253 790 3312 distinctumque,

290 3326 354 3390 quod
364 3326 451 3375 nollem
459 3327 489 3373 ab
498 3325 595 3374 Heinsio
604 3333 705 3390 quatuor
713 3323 790 3372 Codd.

290 3397 429 3446 auctoritate
444 3406 571 3446 mutatum.
603 3400 659 3446 Nou
674 3412 743 3460 nego,
753 3400 789 3444 in·

289 3479 403 3518 strtsetum
421 3469 469 3518 dici
486 3486 536 3534 pro,
552 3480 669 3526 ornatum,
685 3469 728 3517 sed
744 3473 789 3518 dis·

290 3547 389 3591 tinctum
400 3542 535 3606 elegantius
548 3545 623 3590 multo
637 3544 734 3590 verbum
746 3552 790 3600 est,

289 3617 352 3681 quod
374 3625 497 3680 usurpatur
518 3617 548 3664 de
564 3617 644 3672 rebus,
664 3631 718 3680 quea
739 3616 788 3665 dis·

290 3690 364 3757 persis
374 3691 519 3739 ornamentis
530 3691 652 3754 variegata
664 3698 728 3739 sunt.
749 3690 788 3740 Sic

289 3765 376 3829 poeula
397 3766 505 3811 distincto
527 3765 633 3827 gemmis,
655 3772 722 3829 prata
742 3768 788 3812 dis·

290 3842 365 3887 tinctu
376 3836 480 3892 floribus,
491 3836 580 3885 cmlum
589 3840 721 3886 distinctum
732 3838 788 3887 stel-

289 3911 327 3968 lis,
338 3909 425 3975 passim
436 3919 461 3958 et
472 3910 601 3974 eleganter.

325 3985 378 4034 169.
389 3983 447 4047 Ipse,
459 3982 602 4047 verissimus,
633 3986 713 4034 Status
728 3992 788 4035 ortt·

281 4059 346 4123 ficis,
357 4061 395 4108 die
405 4058 514 4123 Stelluug
522 4061 582 4108 eines
595 4061 722 4109 Virtuoseu.
746 4061 789 4109 Est

289 4133 362 4183 etiam
376 4130 508 4183 oratoribus
520 4149 579 4184 suus
591 4143 673 4192 sutus,
684 4132 736 4184 Cic.
746 4134 788 4185 Or.

839 2448 912 2493 citare
927 2444 1021 2493 omniuo
1036 2450 1083 2499 est,
1095 2441 1187 2509 sepius
1200 2455 1305 2497 inorme,
1314 2447 1339 2488 ut

839 2519 963 2566 sollicitere
996 2533 1066 2572 mure,
1098 2517 1202 2564 humum.
1251 2515 1339 2563 Pelliee.

840 2591 916 2640 Paulo
935 2602 992 2640 aute
1008 2594 1123 2654 plectrum
1137 2598 1340 2639 commemoretur.

840 2665 932 2730 Nempe
945 2664 1040 2713 chordas
1051 2665 1126 2729 pulpa
1137 2661 1271 2728 digitorum
1287 2660 1337 2727 pul·

838 2739 960 2794 utantur,
973 2737 1015 2786 sed
1031 2737 1056 2785 in
1074 2735 1190 2787 clausulis
1203 2735 1236 2785 ad
1253 2734 1340 2800 plenio-

838 2828 887 2861 rem
898 2812 1043 2861 barmoniem
1057 2811 1145 2877 plectro
1156 2810 1240 2875 plures
1249 2808 1339 2859 chorda

839 2900 886 2933 uno
896 2884 947 2934 ictu
957 2885 1124 2949 tangebantur.
1152 2882 1214 2932 Vid.
1223 2882 1341 2932 Gesuerus

839 2958 869 3008 ed
881 2958 1051 3014 Claudianum,
1062 2957 1143 3006 xxxiv.
1157 2957 1196 3005 15.

842 3069 845 3075 .
874 3034 928 3080 171.
945 3033 1088 3088 submittere,
1106 3038 1260 3097 postponere,
1277 3028 1340 3080 lateri

838 3121 880 3156 ess
898 3105 1019 3155 inferiores
1043 3120 1095 3154 esse
1120 3104 1180 3168 lyras
1200 3104 1340 3169 Apollines·

843 3179 943 3236 Connus,
955 3178 1038 3226 libiam
1049 3192 1078 3225 ex
1088 3176 1174 3226 cannis
1183 3177 1327 3226 mntecmm.

844 3290 847 3295 .
876 3254 929 3301 176.
947 3254 991 3301 Sed
1008 3253 1080 3299 trahit
1096 3253 1121 3298 in
1137 3251 1262 3314 restim]
1281 3248 1340 3299 Dili-

839 3335 921 3390 genter
942 3335 967 3374 et
988 3325 1108 3390 ingeniose
1135 3323 1262 3381 describit,
1280 3335 1341 3372 mose

839 3416 891 3456 suo,
918 3409 1027 3449 usturam
1062 3399 1155 3448 aurium
1188 3398 1341 3447 &minarum

839 3473 906 3521 Beue
919 3475 992 3521 tratti
1001 3478 1027 3522 iu
1038 3475 1147 3536 apetium,
1158 3471 1280 3535 longiores
1289 3469 1339 3520 retl-

840 3544 876 3594 dit
887 3564 894 3606 ;
910 3546 965 3595 vide
977 3546 1007 3595 ad
1017 3545 1052 3594 iii.
1064 3546 1104 3593 20.
1141 3544 1256 3607 l't'lts'squs
1265 3545 1339 3593 sites·

841 3621 908 3667 tibus.
941 3619 1046 3677 Quidam
1064 3619 1169 3681 uillisque
1186 3620 1339 3673 ardentibsst

840 3693 953 3742 Heinsius
969 3692 1066 3758 conjicit
1079 3694 1234 3747 torrentibus,
1246 3692 1287 3741 De
1296 3693 1341 3742 let·

839 3767 902 3815 tione
911 3767 982 3832 hujus
991 3767 1039 3816 loci
1046 3783 1093 3816 nou
1101 3766 1205 3815 debebat
1213 3763 1338 3830 disputari,

838 3856 912 3905 quum
922 3842 979 3890 setis
991 3850 1082 3891 constet
1094 3856 1163 3890 sures
1173 3839 1295 3889 uiuorum
1307 3838 1338 3888 ul·

838 3914 1020 3970 bos,eeucanos
1031 3913 1204 3962 baberevillos.
1223 3913 1340 3975 Dstpesre

838 3990 921 4036 moveri
929 4006 937 4045 ;
956 3987 999 4037 dat
1009 3986 1173 4036 mobilitatem.
1192 3986 1261 4035 Posse
1271 3985 1340 4035 babet

840 4061 888 4109 viru
906 4063 1026 4111 substant
1051 4075 1116 4110 more
1143 4061 1294 4116 Gredonum,
1313 4057 1337 4106 ii.

840 4129 1309 4201 stambertnoutuloqumdi·
