2774 5004
359 329 828 398 unrauourfloslrort
851 332 943 397 LlB.
960 331 1046 398 XII.
1151 332 1218 398 285

160 495 394 577 Intremuit:
422 502 538 577 trabit
550 503 614 578 ille
630 527 742 578 manu
759 503 841 578 sine
852 504 1009 603 cuspide
1022 504 1187 602 lignum:

167 611 213 687 ld
222 617 452 714 quoquerix
461 617 649 714 sequitur:
664 618 791 717 cuspis
802 619 979 716 pulmone
989 632 1135 694 retenta
1143 631 1217 694 est.

168 726 259 828 lpse
276 730 388 806 dolor
403 733 501 807 vires
517 733 641 807 animo
658 734 793 808 dabat:
822 757 922 829 oeger
938 733 976 806 in
991 735 1138 809 hostem

171 841 352 942 Erigitur,
370 847 610 946 pedibusque
626 849 745 922 virum
765 850 959 947 proculcat
976 850 1137 946 equinis.

172 957 330 1059 Excipit
347 961 411 1036 ille
426 963 525 1037 ictus
543 966 652 1061 galea
668 967 882 1065 clypeoque
900 975 1089 1051 sonantes,
1142 971 1217 1039 375

173 1072 433 1174 Defensatque
448 1078 635 1166 humeros,
647 1092 908 1178 praetentaque
922 1079 1084 1154 sustinet
1094 1105 1218 1154 arma:

173 1187 326 1289 Perque
344 1215 469 1266 mmos
487 1218 562 1269 uno
578 1195 654 1269 duo
673 1206 828 1295 pectora
845 1194 1009 1293 perforat
1026 1195 1115 1268 ictu.

170 1304 271 1380 Ante
287 1318 418 1381 tamen
435 1309 512 1382 leto
529 1309 686 1384 dederat
703 1311 938 1407 Phlegraeon,
957 1317 997 1381 et
1014 1307 1153 1406 Hylen,

170 1417 355 1510 Eminus3
384 1419 618 1520 Hiphinoum
635 1426 772 1499 collato
791 1425 927 1509 Marte,
948 1423 1174 1520 Claninque.

167 1535 337 1611 Additur
353 1536 413 1611 his
430 1537 606 1638 Dorylas,
625 1543 691 1639 qui
709 1553 880 1639 tempora
895 1549 998 1613 tecta
1013 1539 1169 1636 gerebat

167 1649 281 1726 Pelle
298 1652 392 1750 lupi,
411 1654 576 1752 saevique
592 1655 714 1730 vicem
732 1655 951 1754 praestantia
967 1654 1032 1728 teli
1143 1656 1213 1727 381

168 1765 330 1841 Cornua
345 1791 433 1843 vara
448 1769 563 1843 boum
582 1772 699 1845 multo
717 1770 910 1845 rubefacta
926 1793 1071 1843 cruore.
1108 1767 1218 1865 [dixi

168 1879 276 1955 Huic
303 1906 387 1980 ego,
415 1907 501 1957 nam
523 1885 621 1959 vires
648 1887 795 1959 animus
821 1885 957 1973 dabat;
996 1893 1020 1925 ‘⁶
1040 1882 1219 1982 Aspice,”

170 1995 406 2080 “Quantum
424 2001 636 2075 concedant
651 2013 779 2076 nostro
797 2012 862 2077 tua
878 2023 1017 2075 cornua
1033 1998 1130 2074 ferro
1142 1999 1177 2074 :”

123 2123 125 2127 ’
170 2108 224 2185 Et
234 2112 407 2209 jaculum
421 2114 534 2203 torsi;
556 2115 659 2213 quod
675 2141 791 2214 quum
806 2117 923 2190 vitare
941 2115 1127 2212 nequiret,
1142 2119 1216 2189 385

171 2224 367 2325 Opposuit
380 2227 554 2303 dextram
571 2254 738 2328 passurae
755 2232 907 2305 vulnera
924 2229 1048 2304 fronti.

170 2338 299 2417 Affixa
313 2353 374 2417 est
389 2367 477 2418 cum
493 2343 614 2420 fronte
632 2371 786 2436 manus;
806 2348 850 2421 fit
867 2346 1028 2420 clamor:
1055 2355 1094 2417 at
1111 2344 1215 2417 illum

200 2604 259 2653 37³.
268 2605 373 2659 Asinus.
381 2605 515 2670 Domita.
527 2606 602 2655 Dolor
609 2607 667 2656 iram

169 2677 292 2726 excitabat
298 2685 323 2726 et
331 2679 447 2743 angebat3
457 2681 571 2728 venossl.
590 2681 669 2729 Possis

169 2759 251 2799 tamen
265 2760 291 2800 st
308 2754 411 2800 animum
426 2751 456 2801 de
474 2752 611 2802 tortitudine
626 2770 668 2803 ca·

168 2840 233 2889 pere.
267 2825 349 2890 AEger,
359 2826 420 2875 male
435 2842 460 2876 se
475 2827 564 2876 babens
575 2843 604 2876 ex
614 2829 667 2876 vul·

168 2913 240 2956 κω
255 2897 496 2959 vidanrmsnnnnr;
513 2899 667 2949 Ieuziusira·

168 2980 227 3029 tum,
239 2971 356 3021 irritatum
367 2973 540 3039 interpretatur.
558 2976 668 3040 Erigitur

168 3046 270 3095 sublatis
276 3046 379 3112 pedibus
389 3048 551 3098 anterioribus.
572 3051 667 3097 Novum

167 3134 255 3184 pugno
269 3135 354 3184 genus.
388 3121 520 3177 Proculcst,
531 3121 667 3186 proculcare

167 3193 667 3253 constanMnltibabentconculcot.Ictus,

167 3265 257 3333 pedum
272 3266 422 3331 equinorum,
438 3280 549 3323 nasutas.
562 3284 616 3317 cum
630 3285 667 3317 so·

166 3341 220 3390 nitu
231 3339 372 3389 incidentes.
407 3342 516 3404 Escipsm
528 3345 606 3405 clypeo
619 3344 668 3392 tela

166 3424 209 3464 ant
230 3414 303 3472 ictus,
327 3415 438 3481 clypeum
461 3432 579 3481 opponere
606 3417 668 3465 telis.

167 3488 298 3553 Defessars
308 3488 381 3536 etiam
396 3488 428 3539 si.
438 3490 495 3538 ³73.
509 3498 533 3539 st
547 3489 611 3554 apud
625 3506 666 3555 op·

166 3560 239 3610 timos
247 3570 355 3610 suctores
360 3562 475 3622 occurrit,
485 3563 539 3612 vide
547 3563 668 3613 Drakenb.

164 3634 199 3684 sd
210 3632 305 3690 Silium,
312 3633 330 3682 i.
338 3634 395 3683 607.
412 3635 522 3693 Sustinet,
532 3645 597 3685 tenet
607 3652 666 3701 prrs-

164 3704 245 3762 {snts,
257 3706 390 3773 pretendit.
409 3709 464 3757 Duo
473 3719 571 3769 pectora,
578 3708 667 3773 duplex

165 3790 253 3847 pectus
271 3782 393 3840 Centauri,
411 3783 539 3833 humanum
558 3792 582 3832 et
600 3784 666 3848 equi·

166 3872 235 3905 rrum.
267 3855 331 3904 Nam
347 3856 372 3905 in
387 3866 482 3922 pectore
497 3858 575 3906 coibat
593 3858 667 3906 forma

165 3930 274 3979 humans
294 3939 319 3979 st
340 3931 436 3995 equina.
468 3931 581 3980 Similiter
601 3931 666 3996 apud

165 4003 337 4060 Claudianum,
349 4004 437 4053 xxxvii.
448 4006 490 4054 82.
504 4004 529 4053 in
540 4005 605 4053 cede
619 4007 666 4054 Pe·

165 4077 220 4132 lori,
242 4077 281 4126 cni
302 4093 345 4143 pro
370 4077 471 4142 pedibus
497 4079 545 4128 duo
565 4095 665 4144 angues,

165 4154 236 4200 Mars
255 4169 300 4201 uno
317 4161 394 4200 ternus
411 4155 498 4202 unimus
514 4154 589 4216 iqlicit
607 4158 664 4201 ictu.

717 2606 817 2655 lansius
834 2620 888 2654 vero
904 2603 967 2652 hunc
985 2603 1062 2651 locum
1078 2599 1165 2666 accipit
1180 2600 1212 2650 ds

716 2692 810 2745 pectore
822 2678 906 2727 dextro
919 2689 943 2726 et
953 2675 1055 2724 sinistro.

748 2754 804 2801 379.
823 2752 910 2800 Colloto
918 2751 1004 2806 Morte,
1013 2746 1125 2797 consertis
1134 2747 1214 2805 armis,

716 2827 822 2875 cominus
835 2840 943 2890 pugnans
956 2838 1011 2871 cum
1026 2821 1102 2870 hosts.
1135 2820 1214 2870 clusis

716 2908 859 2948 memoratur
875 2898 947 2946 etiam
964 2911 979 2944 a
996 2894 1092 2944 Valerio
1107 2894 1144 2943 Fl.
1157 2894 1213 2942 146.

717 2975 841 3036 Epells'bus
852 2974 965 3034 lnporum,
977 2979 1105 3025 taurorum,
1115 2983 1212 3024 canum,

717 3047 822 3097 eteberi
833 3045 890 3094 olim
903 3045 1011 3094 solebant
1019 3042 1107 3107 galeas.
1143 3042 1214 3097 Vara,

717 3123 841 3171 introrsum
851 3129 958 3174 curvata,
968 3118 1049 3167 lunata
1059 3115 1128 3173 wide
1139 3115 1215 3163 Hein-

718 3194 778 3244 siunr
796 3194 826 3243 ad
839 3193 922 3241 Amor.
934 3192 968 3239 iii.
978 3193 1020 3239 24.
1055 3187 1127 3252 Regii
1143 3187 1215 3236 nostri

717 3269 806 3317 habent
825 3272 894 3316 duro.
931 3264 1048 3328 Pyrrhum
1065 3261 1215 3329 Epirotarum

717 3360 795 3407 regem
804 3340 992 3391 cornuahirciua
1000 3337 1101 3403 iugales
1110 3336 1216 3401 gestisse

717 3419 797 3467 scribit
811 3415 966 3465 Plutarchus:
985 3429 1031 3462 non
1045 3411 1166 3462 subscribo
1179 3411 1216 3460 in·

717 3491 858 3557 terpretibus
866 3489 908 3555 qui
914 3487 1030 3552 Dorylaus
1040 3495 1125 3552 putant
1133 3484 1216 3535 itidem

717 3562 934 3615 comnabubulain
942 3562 1020 3626 galero
1028 3560 1143 3625 gestissse:
1156 3559 1214 3624 quin

718 3656 790 3688 manu
800 3639 898 3703 gerebat
908 3638 995 3704 potius,
1009 3644 1035 3684 ut
1047 3635 1110 3684 cervi
1125 3649 1213 3682 cornua

718 3712 831 3762 Exadius.
858 3713 925 3760 Lras.
960 3711 1047 3758 cruore
1058 3725 1146 3765 eorum,
1157 3723 1216 3773 quos

715 3786 765 3851 jam
776 3785 934 3833 interiecerat.

732 3861 790 3909 383.
802 3855 1146 3907 l'r'resanlmusdubutrnodeste
1154 3867 1213 3915 prse-

715 3933 812 3981 rnissum
823 3948 838 3981 a
847 3934 954 3981 Nestore.
972 3932 1111 3981 Concedunt,
1120 3925 1214 3981 cedant,

716 4007 826 4056 inferiora
837 4007 893 4054 sint.
916 4005 1038 4068 dffiruert.
1062 3998 1143 4050 Simile
1153 3998 1211 4061 quid

717 4098 740 4128 v.
754 4082 807 4128 124.
840 4079 952 4129 Heinsius
966 4085 1035 4143 putat
1048 4071 1212 4124 scribendum:

718 4154 793 4217 Affiro
804 4152 944 4215 cumsronts
954 4149 1069 4212 monmfit
1081 4147 1174 4195 ctam.
