2774 5004
298 332 365 397 296
581 327 621 394 Ρ.
646 325 808 394 ovlnu
832 326 1045 394 NASONIS

301 501 463 591 Stravit3
480 511 521 576 et
532 500 739 576 immeritas
750 501 861 577 urbes
874 499 1050 598 Elinque,
1059 498 1266 598 Pylonque
1277 505 1337 575 550
1371 478 1375 593 i

299 616 436 703 Diruit,
455 618 570 714 inque
588 640 692 691 meos
709 617 848 691 ferrum
863 616 1131 714 flammamque
1147 625 1304 712 penates
1373 602 1375 633 ²

297 731 476 829 Impulit:
505 743 623 829 utque
638 730 731 807 alios
748 744 907 818 taceam,
925 756 1023 829 quos
1041 731 1104 805 ille
1118 731 1301 828 peremit;

299 847 368 922 Bis
386 871 453 921 sex
474 846 508 920 N
513 847 621 921 etidae
636 847 788 935 suimus,
807 857 1013 944 conspecta
1026 848 1233 942 juventus:

298 962 366 1035 Bis
384 986 453 1037 sex
472 962 670 1038 Herculeis
687 964 917 1049 ceciderunt,
933 986 994 1036 me
1011 963 1136 1034 minus
1152 985 1242 1047 uno,
1274 965 1332 1034 554

295 1078 471 1153 Viribus:
492 1090 608 1175 atque
623 1079 716 1153 alios
732 1077 830 1152 vinci
848 1077 1016 1175 potuisse
1034 1075 1233 1151 ferendum
1251 1086 1315 1151 est.

297 1191 397 1267 Mira
415 1193 668 1291 Periclymeni
686 1219 786 1267 mors
804 1207 883 1282 est3
910 1194 970 1266 cui
989 1216 1101 1290 posse
1119 1192 1261 1287 figuras

297 1307 454 1383 Sumere
473 1332 568 1406 quas
585 1310 711 1395 vellet,
729 1332 934 1405 rursusque
952 1330 1132 1405 reponere
1150 1320 1316 1405 sumptus

296 1423 499 1522 Neptunus
515 1423 683 1511 dederat,
704 1424 814 1498 Nelei
832 1423 1024 1519 sauguinis
1043 1434 1190 1497 auctor.
1249 1424 1333 1517 [nes.

297 1537 383 1626 Hic,
402 1540 466 1614 ubi
489 1541 744 1638 nequicquam
772 1548 832 1615 est
857 1538 995 1612 formas
1012 1540 1179 1611 variatus
1207 1538 1247 1610 in
1266 1562 1333 1610 om·

296 1720 450 1771 Philotimus
467 1723 564 1771 lleroic.
581 1723 658 1780 Nelea,
672 1723 791 1786 Pyliorum
874 1721 931 1770 55³.
949 1721 989 1768 Bu
1006 1737 1042 1769 rer
1064 1720 1162 1777 Nelidae,
1179 1720 1241 1783 ete]
1258 1720 1335 1768 Home·

295 1796 355 1858 regi,
373 1797 422 1846 neti
437 1806 505 1846 eruut
523 1798 560 1846 rel
578 1812 608 1846 ex
630 1797 681 1846 sola
697 1797 793 1846 Cluride
843 1811 896 1844 rus:
915 1795 1011 1844 Addere
1030 1798 1079 1860 γὰρ
1095 1796 1205 1855 Νηλῆος
1218 1794 1335 1860 upum

296 1870 384 1934 (Hom.
399 1871 463 1935 Hyg.
478 1870 603 1936 Apollod.)
617 1872 654 1919 vel
673 1888 702 1920 ex
719 1872 791 1936 pluri·
843 1869 901 1928 υἱέες
918 1867 989 1934 ἦμεν,
1004 1875 1061 1919 Τῶν
1078 1871 1130 1928 οἶος
1146 1870 1272 1935 λιπόμην,
1288 1866 1335 1918 etl

295 1942 340 1991 bus
351 1942 461 1992 uxoribus
472 1943 595 1991 duodecim
606 1943 658 1999 filii,
670 1944 793 2008 inquibus
842 1945 916 1991 ἄλλοι
928 1944 1020 2002 πάντες
1028 1944 1127 1994 ὄλοντο.
1145 1943 1279 2006 conspecte,
1287 1959 1334 1991 cun·

296 2016 469 2078 Periclymenus
477 2025 501 2064 et
509 2018 599 2065 Nestor.
622 2018 738 2067 Hercules
747 2018 792 2067 ire·
842 2017 1061 2081 spieuu‚excelleus
1068 2035 1076 2077 ;
1088 2017 1189 2067 Homer.
1200 2017 1275 2067 eltero
1285 2017 1335 2071 loeu

294 2096 333 2138 tus
349 2099 400 2137 erat
414 2089 559 2145 Neleo,sire
575 2090 638 2153 quod
655 2091 699 2138 sibi
714 2092 789 2155 Gery·
842 2090 927 2156 ἀγλαὰ
948 2091 1030 2140 τέκνα·
1053 2091 1155 2154 illosque
1177 2091 1280 2140 ἐκάκωσε
1298 2090 1335 2153 βίη

294 2163 346 2212 onis
366 2163 438 2211 boves
464 2164 584 2226 abegerat,
605 2163 654 2210 sive
675 2164 739 2226 quod
766 2181 791 2213 re
840 2162 998 2227 Ἡρακληείη.

293 2236 390 2303 expiere
413 2237 528 2292 noluerat,
550 2246 675 2301 postquem
695 2254 791 2288 uxorem
874 2237 1023 2293 esuum
1040 2239 1070 2286 τὸ
1085 2234 1335 2293 ὃύνασθωωιΙω,

293 2319 319 2359 et
332 2309 417 2359 llberos
429 2319 471 2359 eut
481 2309 587 2374 lplntw
603 2310 705 2360 emicunt
719 2309 791 2360 inter·
841 2319 868 2361 ut
883 2309 1009 2374 aliquoties
1019 2311 1129 2359 vidimus.
1159 2311 1335 2373 Μαρσικὸν

295 2383 391 2440 feceret,
406 2386 455 2434 sire
468 2384 580 2448 denique,
597 2393 622 2432 ut
635 2385 685 2433 vult
698 2385 790 2434 Pruse-
840 2398 927 2447 ponere
935 2401 942 2443 3
959 2384 1126 2431 Gronovienus
1141 2391 1167 2431 et
1186 2393 1288 2448 quatuor
1300 2383 1335 2432 etii

295 2457 355 2514 utu,
366 2457 424 2522 quie
432 2473 500 2523 opem
512 2459 600 2507 tuleret
610 2457 684 2506 Eleis.
712 2458 792 2523 Capto
840 2467 981 2519 uentpterque
995 2473 1186 2518 reponerepeere.
1214 2457 1288 2522 Regii
1301 2473 1334 2506 co

294 2533 353 2583 erbe
375 2534 469 2582 Nestori
496 2532 610 2598 pepercit,
631 2533 668 2580 vel
689 2537 745 2597 qu'm
771 2533 792 2583 i.
841 2529 907 2578 dices
918 2530 1006 2580 habent
1017 2530 1142 2578 lectionem
1151 2531 1275 2595 vulgetur
1282 2549 1289 2590 ;
1304 2533 1334 2579 sl-

294 2605 359 2671 upud
373 2606 489 2655 Gerenios
503 2607 592 2661 aberet,
609 2606 647 2653 vel
662 2606 791 2671 quiaputri
841 2611 891 2652 tere
913 2613 993 2654 tamen
1015 2605 1111 2670 plecet;
1133 2619 1240 2668 nemque
1260 2604 1335 2654 edver-

293 2680 367 2729 bores
387 2679 492 2742 abigenti
514 2687 555 2727 eut
572 2677 732 2742 expiationem
750 2695 791 2728 ue·
840 2676 905 2725 bium
927 2694 1008 2725 rursm
1030 2677 1141 2742 jungitur
1167 2677 1262 2741 ingr-ete
1287 2693 1336 2727 cere

293 2755 359 2818 genti
368 2771 414 2803 uon
426 2769 534 2802 essensus
544 2753 630 2801 lueret.
651 2754 738 2816 Neque
749 2769 791 2817 pe·
841 2752 913 2798 verbo
927 2751 988 2799 illud
1000 2751 1023 2799 in
1039 2767 1082 2799 suu
1097 2751 1174 2814 prime
1189 2752 1283 2816 syllaba
1297 2752 1335 2799 lu·

293 2825 408 2892 percitei
430 2826 508 2883 modo,
529 2824 571 2873 sed
599 2841 698 2887 regnum
719 2826 790 2874 etium
840 2823 920 2872 bente.

293 2911 416 2967 puternuru
434 2900 540 2954 tradidit,
559 2898 597 2947 cni
616 2898 709 2946 addidit
726 2900 790 2947 llles·
872 2899 931 2945 ⁵58.
944 2898 1012 2944 Nelei
1022 2897 1335 2961 moguiuie,geutis,euctar

293 2990 375 3030 senen,
392 2974 428 3022 vel
446 2983 473 3021 ut
492 2972 613 3037 premium
628 2972 736 3036 justitiae,
753 2973 790 3021 rel
840 2970 885 3018 luit
912 2972 1049 3034 Neptunus,
1075 2970 1146 3018 Nelei
1175 2981 1259 3035 puter;
1287 2970 1336 3019 ride

292 3047 471 3114 utdepositum.
496 3045 727 3094 Foedueicissecuru
740 3050 789 3096 Ne·
839 3043 919 3091 Schol.
939 3044 1036 3092 Homeri
1058 3044 1089 3091 nd
1109 3045 1158 3092 Od.
1178 3045 1206 3092 d.
1227 3046 1244 3093 l.
1264 3061 1335 3109 queu-

291 3123 323 3171 lei
344 3120 424 3170 liberis
448 3119 534 3183 legitur
555 3118 618 3183 opud
639 3119 789 3176 Peussniam,
840 3131 911 3179 quum
928 3117 1036 3180 Hyginus
1053 3117 1244 3181 Hippocoonteu
1266 3117 1336 3166 norni-

292 3196 499 3260 Marenem.
532 3192 720 3242 Sedsecundum
731 3193 788 3239 Ori·
839 3198 889 3237 nut.
933 3190 1002 3237 lllam
1022 3191 1069 3236 vim
1088 3191 1250 3253 Periclymeni
1270 3191 1336 3239 etiern

292 3268 367 3324 diurn,
386 3285 433 3316 non
450 3269 511 3315 bene
528 3266 559 3314 do
575 3266 675 3315 Nestore
693 3265 789 3313 meritus
839 3262 957 3312 Hesiodus
978 3263 1001 3312 in
1019 3264 1099 3313 Cetsl.
1119 3265 1258 3330 Euphorion
1278 3264 1336 3330 epud

291 3352 327 3392 eet
335 3344 459 3391 Hercules.
482 3343 520 3388 De
529 3341 583 3389 filiis
594 3341 723 3390 interlectis
732 3357 788 3389 con·
839 3336 963 3385 Scholimt.
974 3338 1110 3393 Homeri,et
1119 3339 1282 3402 Apollodorus
1291 3354 1336 3386 rue·

292 3415 363 3465 sentit
380 3432 435 3463 eum
449 3416 560 3470 Homero,
576 3416 639 3463 rard
657 3413 675 3461 δ’
687 3415 789 3464 ἔκταθεν
839 3419 940 3460 morunt.
977 3411 1069 3460 Formae
1090 3415 1213 3470 uariatuer
1231 3411 1337 3477 permulti

291 3489 358 3537 ὅσσοι
366 3490 468 3552 ἄριστοι.
489 3488 670 3549 Periclymeuum
679 3487 788 3548 effugisse
839 3487 877 3546 (et
889 3485 980 3547 Regius
991 3494 1068 3534 noster
1080 3485 1123 3546 A.)
1131 3486 1224 3535 habunt
1233 3497 1338 3537 uer-tu.

290 3562 498 3625 truditllyginus3
515 3561 724 3607 intersectumeum
736 3576 787 3609 esse
839 3558 952 3620 Pugnans
973 3574 1027 3607 curn
1048 3558 1156 3607 Hercule
1176 3561 1251 3608 flebat
1271 3559 1336 3608 modu

289 3643 398 3685 unctores
413 3644 468 3682 sunt
482 3633 562 3681 Schnl.
573 3633 678 3688 Homeri,
690 3633 788 3698 Apollo-
837 3633 883 3689 leo,
895 3633 965 3682 modo
975 3634 1067 3697 engeis,
1075 3633 1145 3681 modo
1156 3632 1210 3698 upie
1217 3653 1227 3694 ;
1242 3633 1336 3699 Apollo·

290 3708 360 3756 dorus
380 3714 405 3755 et
425 3707 523 3753 Tzetzes
543 3703 608 3754 cuit.
627 3706 642 3754 i.
660 3707 700 3755 46.
732 3708 787 3757 Siue
837 3706 917 3756 dorus.
957 3708 1209 3756 Faciemulitisetiem
1221 3707 1337 3757 Hesiodus

290 3779 363 3828 dubio
377 3780 480 3843 fugitet
492 3795 506 3827 e
520 3780 577 3843 lugu
591 3779 702 3829 reductus
714 3781 786 3830 iuter·
837 3780 923 3829 hebet:
940 3783 1032 3830 ἄλλοτε
1046 3783 1093 3845 μέν
1108 3783 1156 3845 γὰρ
1170 3782 1200 3830 le
1215 3781 1335 3846 sperem

289 3852 366 3902 lectus
376 3863 421 3902 est.
444 3855 498 3902 Hoe
509 3862 572 3902 uerte
582 3853 627 3902 ribi
634 3855 686 3903 vult
696 3855 785 3911 tabule,
836 3855 967 3920 φαίνεσιεν
978 3855 1067 3913 αἰετός·
1077 3855 1119 3904 sed
1130 3855 1248 3920 trejicitur
1259 3854 1334 3903 Pelle·

287 3943 360 3992 quem
371 3927 410 3975 liic
422 3926 545 3976 habemns.
835 3929 872 3977 dis
883 3931 974 3977 monitu
985 3930 1016 3978 eb
1027 3930 1140 3986 Hercule,
1151 3945 1236 3994 quum,
1244 3938 1340 3994 sumpts¹

320 4003 379 4050 560.
386 4002 484 4057 Strauit,
492 4001 571 4050 diruit.
588 4001 786 4066 Impulitgrarius
834 4003 1252 4069 spissorme,curruiejusinsideret.
1264 4001 1333 4067 Apud

288 4077 386 4124 uerbum
401 4092 483 4140 quum,
495 4078 576 4123 intulit
584 4092 594 4133 ,·
612 4076 672 4126 serto
688 4086 713 4126 et
729 4077 784 4140 igne
835 4079 914 4126 Schol.
930 4077 1052 4144 Apollonii
1066 4087 1091 4126 et
1104 4078 1225 4136 Tuetuem,
1239 4086 1335 4127 necetru

288 4149 391 4198 verterit
400 4157 498 4214 penetus
508 4163 582 4198 neus.
834 4152 869 4212 ele
877 4155 955 4217 μυῖαν
965 4151 1138 4216 μταβληθάς.
