2774 5004
274 334 340 399 ⁴8⁰
502 333 541 398 P.
565 331 727 397 OVIDII
751 332 977 412 NASONIS,
1001 333 1100 401 ETC.
1127 386 1131 395 .

277 507 510 593 Cesserunt3
533 504 660 603 Dique
678 503 885 602 Indigetes,
904 508 1140 604 genitorque,
1157 506 1334 591 Quirine,

278 622 406 706 Urbis,
426 631 466 695 et
482 619 609 693 invicti
629 620 788 715 genitor,
808 620 986 709 Gradive,
1006 621 1167 724 Quirini,

265 737 471 833 *Vestaque
492 735 689 810 Caesareoa
706 736 805 809 inter
822 747 969 811 sacrata
985 737 1169 823 Penates,

276 851 425 927 Etcum
437 850 615 925 Cesarea
628 862 682 939 tu,
695 851 841 926 Phoebe
852 852 1073 937 domestice,
1085 852 1223 938 Vesta,
1260 856 1332 924 865

277 967 430 1067 Quique
447 978 554 1040 tenes
569 968 667 1040 altus
685 965 866 1064 Tarpeias
882 966 906 1039 J
910 967 1062 1066 uppiter
1079 991 1204 1050 arces,
1334 952 1337 959 ’

275 1081 459 1179 Quosque
477 1081 571 1155 alios
587 1079 664 1154 vati
683 1080 739 1154 fae
758 1081 950 1180 appellare
968 1081 1176 1180 piumque;

275 1194 401 1273 Tarda
417 1198 467 1270 sit
483 1197 549 1270 illa
564 1196 659 1282 dien,
679 1207 718 1270 et
735 1207 863 1271 nostro
881 1197 997 1272 serior
1014 1221 1108 1283 aevo,

279 1310 365 1395 Qua
381 1321 497 1408 caput
514 1320 729 1410 augustum,
742 1333 857 1408 quem
873 1323 1073 1410 temperat,
1085 1312 1179 1384 orbe
1199 1311 1325 1385 relicto

277 1427 447 1502 Accedat
463 1427 568 1512 coelo,
588 1424 789 1522 faventque
806 1426 1049 1539 precantibus
1066 1428 1223 1501 absens.
1252 1432 1323 1500 870

328 1656 351 1730 J
356 1680 508 1737 amour:
522 1680 617 1756 opus
632 1657 757 1752 exegi,
768 1657 873 1754 quod
891 1680 961 1732 nec
979 1654 1085 1729 Jovis
1102 1656 1171 1741 ira,
1191 1654 1322 1750 necig·

280 1772 364 1846 Nec
379 1771 517 1871 poterit
526 1771 677 1857 ferrum,
686 1795 756 1845 nec
767 1772 865 1845 edax
875 1772 1026 1845 abolere
1032 1780 1218 1845 vetustas.
1231 1772 1321 1865 [nen

280 1886 407 1981 Quum
425 1876 527 1962 'volet
544 1886 609 1960 illa
624 1886 720 1973 dies,
740 1908 825 1983 quoe
843 1885 908 1972 nil,
926 1885 999 1958 nisi
1016 1885 1188 1983 corporis
1200 1884 1308 1980 hujus

278 2002 303 2075 J
306 2027 351 2075 us
368 2004 495 2089 habet,
515 2001 647 2076 incerti
665 2002 829 2099 epatium
846 2000 938 2075 mihi
955 2000 1062 2073 finiat
1078 1999 1169 2074 aevi:

281 2115 394 2189 Parte
412 2127 538 2189 tamen
556 2115 708 2189 meliore
726 2114 800 2190 mei
819 2139 934 2215 nuper
950 2115 1028 2189 alta
1043 2115 1225 2213 perennis
1255 2116 1321 2187 875

244 2300 248 2306 .
281 2228 398 2303 Astra
413 2228 522 2316 ferar,
541 2252 755 2327 nomenque
773 2228 844 2325 erit
863 2229 1065 2304 indelebile
1083 2239 1276 2316 nostrum3

215 2366 229 2381 ··
282 2345 444 2444 Quaque
462 2356 569 2445 patet
584 2344 735 2419 domitis
754 2343 930 2418 Romana
946 2345 1116 2444 potentia
1132 2344 1255 2429 terris,

283 2460 360 2536 Ore
378 2445 481 2559 legar
498 2461 639 2559 populi,
654 2482 798 2559 perque
816 2460 942 2535 omnia
959 2461 1088 2535 secula
1104 2458 1220 2545 fama,

282 2576 325 2650 Si
343 2576 435 2674 quid
453 2576 595 2650 habent
610 2576 688 2649 veri
705 2584 831 2648 vatum
849 2575 1043 2672 proesagia,
1060 2575 1198 2648 vivam.

314 2794 371 2842 071.
390 2793 486 2856 Jamque
498 2795 633 2857 opmeregi,
644 2791 703 2855 eto]
722 2791 778 2856 Epi·
831 2809 888 2852 rar,
906 2792 980 2857 gloria
1001 2807 1056 2841 urea
1071 2789 1116 2840 erit
1132 2799 1229 2840 eterna.
1255 2790 1327 2839 Hom·

282 2867 350 2930 lngus
364 2865 465 2914 fideliter
486 2880 610 2929 exprerrua
625 2880 654 2912 er
674 2864 782 2920 Horatio,
831 2867 890 2916 tior:
909 2874 925 2896 “
937 2868 993 2916 Non
1004 2865 1080 2915 omnir
1090 2865 1177 2913 moriar
1185 2883 1193 2924 ς
1211 2864 1328 2929 multaque

282 2939 330 2987 111.
342 2939 389 2990 Od.
401 2955 456 2988 xxx.
484 2938 571 2988 Confer
581 2937 654 2987 etiam
669 2937 694 2986 ii.
704 2940 746 2988 20.
758 2948 782 2987 et
831 2955 887 3004 pern
909 2939 956 2988 mei
975 2938 1068 2988 Vitabit
1089 2937 1246 2987 Libitinam.”
1287 2939 1330 2985 Ore

285 3013 442 3080 Propertium,
455 3011 489 3060 iii.
506 3014 551 3060 1³4
565 3029 620 3077 sqq.
654 3012 734 3078 Exegi,
751 3012 781 3061 nd
833 3018 897 3080 tegor
912 3015 999 3078 populi.
1025 3014 1131 3079 Propert.
1143 3011 1180 3062 11.
1190 3012 1207 3061 i.
1219 3015 1244 3061 2.
1256 3016 1330 3061 uniat

282 3086 352 3136 tinem
377 3082 488 3151 perduxi,
516 3085 616 3136 absolvi.
660 3086 782 3141 Horatius,
831 3091 904 3136 mollis
920 3092 945 3136 in
962 3105 1002 3136 ora
1018 3089 1091 3144 libem·
1108 3087 1150 3136 ubi
1161 3086 1218 3136 vide
1229 3088 1330 3136 nmer-

281 3162 382 3224 “Exegi
389 3170 567 3210 monumentum
576 3160 782 3226 ereperenniur.”
831 3160 935 3209 husium.
967 3161 1128 3209 Postremum
1144 3160 1201 3208 879.
1216 3159 1241 3209 in
1255 3161 1333 3209 multis

282 3236 345 3285 Jove
362 3239 406 3291 ira,
420 3236 520 3285 tulmen.
556 3235 630 3291 Edax,
648 3233 727 3283 onmia
741 3235 782 3283 ab·
833 3234 903 3282 Mss,
914 3233 959 3282 hoc
970 3232 1088 3283 distichon
1097 3241 1135 3281 ent
1146 3231 1276 3298 ascriptus:
1294 3234 1333 3281 no

282 3325 385 3360 romena
418 3308 546 3358 Horatius:
565 3314 583 3336 ‘¹
596 3307 667 3366 Quod
679 3323 725 3356 non
739 3307 783 3355 im·
832 3324 869 3356 ren
886 3309 988 3356 millenos
1006 3324 1081 3356 uerrur
1099 3310 1125 3355 in
1142 3309 1220 3357 codice
1235 3311 1325 3370 καίρια

282 3384 325 3432 ber
336 3383 405 3439 edax,
416 3399 463 3430 non
474 3382 562 3448 Aquilo
576 3381 692 3446 impotens
706 3380 784 3429 Possit
833 3381 878 3429 Sed
897 3391 932 3429 ter
952 3385 1049 3445 privaque
1067 3384 1143 3430 minut
1161 3384 1264 3430 eontinet
1281 3381 1332 3428 Ori·

284 3456 384 3513 diruere,
401 3465 443 3504 aut
462 3453 640 3504 innumerabilia
660 3455 783 3504 Annorum
833 3455 893 3502 dius.
927 3455 1079 3503 Burmannus
1095 3460 1178 3502 monet
1198 3462 1278 3502 extare
1294 3452 1332 3501 ho·

162 3562 176 3583 .
284 3528 630 3594 sericr,etiugatempornm.”
833 3527 873 3576 die
897 3527 989 3577 nonnisi
1014 3528 1100 3577 11993.
1125 3536 1152 3577 ut
1178 3536 1271 3593 neptem
1294 3525 1332 3575 de-

318 3602 374 3650 875.
392 3602 464 3664 Super
482 3604 650 3662 uitupereuuir
662 3603 732 3649 Antra
750 3601 784 3657 fe·
834 3600 891 3648 rint.

588 3860 906 3916 METAMORPHOSEON
934 3860 1033 3904 rlms.

581 4148 744 4179 PXi'i'DEBANT
754 4148 863 4178 rutmors
876 4147 901 4177 Η
917 4145 1048 4177 wrmmu.
