2774 5004
164 334 231 402 252
463 328 691 398 novum
714 328 929 397 Nasutus

171 508 343 605 Spectat,
361 516 403 578 et
420 505 469 578 ad
486 504 601 579 finem
618 504 785 578 matos
803 505 932 578 laudat
948 513 1113 578 mores.
1144 503 1205 579 ill

168 622 385 707 Proximus,
402 632 469 695 aut
485 621 600 708 idem,
618 621 650 694 ai
667 619 743 694 fors
760 620 868 708 tulit3
889 618 1007 694 “Hic
1026 618 1204 717 quoquo?

317 737 425 825 dixit,
1042 736 1204 832 [rentem

169 852 293 938 Quem
319 877 421 927 mare
446 865 676 952 carpentem,
704 853 985 949 substrictaque
1016 875 1131 927 crura
1152 874 1204 949 ge·

167 969 333 1069 Aspicis
352 970 558 1044 ostendens
576 970 785 1068 spatiosum
803 979 959 1066 guttura
974 990 1161 1065 mergum,

170 1085 292 1181 Regia
308 1085 528 1183 progenies:
558 1095 599 1158 et
616 1085 648 1157 si
665 1084 897 1159 descendere
915 1084 965 1157 ad
982 1084 1114 1183 ipsum

169 1200 313 1273 Ordine
332 1211 515 1298 perpetuo
533 1200 684 1296 quaeris,
704 1210 793 1273 sunt
809 1199 924 1295 hujus
940 1198 1050 1295 origo
1144 1202 1204 1273 att

168 1315 260 1403 llus,
279 1328 320 1390 et
336 1314 558 1402 Assaracus,
578 1327 784 1414 raptusque
800 1314 885 1388 Jovi
904 1315 1165 1412 Ganymedes,

168 1430 461 1529 Laomedonque
474 1452 604 1518 senex,
617 1428 868 1526 Priamusque
882 1431 1089 1504 novissima
1097 1429 1204 1526 Troja

168 1546 355 1644 Tempora
371 1548 547 1621 sortitus:
575 1546 689 1621 frater
705 1545 778 1620 fuit
795 1543 972 1619 Hectoris
990 1546 1088 1635 iste3

169 1660 246 1745 Qui
261 1662 333 1734 nisi
351 1661 533 1736 sensisset
549 1662 671 1761 prima
688 1682 785 1734 nova
803 1658 882 1734 lata
893 1663 1067 1757 juventa,

167 1874 434 1940 Orpbetuetllnrydice
444 1875 508 1941 apud
516 1875 603 1925 interos
612 1893 666 1925 cors·
714 1876 802 1942 quibus
819 1875 963 1926 adiutaret
981 1874 1106 1941 affinitur.
1136 1874 1207 1931 tum

158 1951 253 2012 junctis
262 1945 393 2011 spatiantur
400 1952 578 2011 passibusamba.
611 1950 666 1999 Ele·
714 1949 849 2007 Hectorem,
868 1947 936 2015 cujus
955 1957 1035 1998 mater
1056 1946 1158 1998 Hecuba
1175 1943 1207 1996 rel
1249 1996 1251 2001 .

168 2022 261 2088 gentior
275 2022 348 2072 etism
364 2031 401 2072 est
415 2023 458 2073 illa
468 2023 547 2080 lectio,
557 2039 629 2088 quarn
640 2034 667 2074 ut
716 2023 848 2086 Dymantis,
860 2023 898 2073 rel
915 2022 993 2072 einer
1007 2021 1070 2074 filis.
1103 2021 1208 2072 ΠΜ»

168 2111 184 2144 a
198 2096 294 2145 librario
309 2097 414 2161 prolecta
427 2096 546 2145 rideatur.
578 2099 666 2146 Eure·
715 2096 796 2162 quitur
804 2095 984 2153 Homam‘haa
993 2094 1130 2163 Euripides.
1145 2093 1208 2161 Apul

167 2177 239 2234 cepta
248 2168 666 2233 wluresretadictumerit,nronente
714 2170 886 2237 Apollodorum
894 2168 918 2219 d.
928 2168 1209 2226 inflammantem

168 2245 315 2300 Rormanno,
333 2253 360 2294 ut
377 2247 421 2300 ira,
439 2258 533 2294 asnar
550 2246 624 2293 reads
642 2253 667 2293 et
715 2242 1074 2310 nemausensibus
1093 2244 1209 2300 Rem.

167 2315 263 2366 similia.
716 2333 780 2375 mox,
806 2327 886 2383 spreta
911 2317 962 2374 illa,
986 2316 1057 2366 ducit
1083 2317 1210 2367 llscnbsn.

202 2390 258 2440 751.
278 2391 304 2440 St
316 2390 372 2455 fors
389 2393 455 2447 tulit,
475 2390 542 2448 lone,
560 2389 666 2448 tortam,
719 2390 836 2441 Umbram.
871 2390 985 2440 Heinsius
1004 2389 1103 2456 conjicit
1122 2393 1210 2446 masa,

168 2462 202 2513 nil
213 2465 293 2514 eliud:
312 2465 366 2513 vide
378 2465 408 2514 ad
420 2466 436 2515 i.
447 2466 504 2514 297.
538 2467 667 2514 Mareaar·
716 2465 884 2531 propterquod
895 2464 1142 2514 lontibusetiamlda
1154 2463 1211 2513 eele-

166 2554 228 2600 pere,
240 2537 301 2587 sicut
312 2555 405 2601 carpere
417 2556 529 2602 campum,
540 2556 602 2588 aera.
636 2540 667 2587 Et

169 2610 280 2660 celeriter
293 2611 423 2661 admodum
438 2627 508 2676 super
520 2612 667 2677 superficiem

168 2683 241 2733 maris
250 2684 330 2733 volare
342 2684 442 2733 traditur
456 2701 556 2749 magras,
568 2685 666 2733 Linnaeo

170 2756 266 2823 Mergus
283 2757 425 2822 Mergum,
439 2757 517 2807 Nobis
533 2758 625 2806 Sserabe
641 2766 665 2806 et

171 2830 331 2896 Turtcherguas
341 2839 368 2879 ut
377 2830 413 2879 iii.
424 2832 481 2879 216.

202 2905 258 2953 75⁵.
277 2903 373 2960 Quarta,
384 2905 459 2970 cupis,
468 2903 504 2952 ris
513 2901 666 2952 descendere.

171 2976 291 3038 Perpetuo,
301 2993 348 3026 non
358 2978 499 3043 intermpto.
528 2977 588 3024 Sunt
599 2977 667 3039 lajru

168 3056 232 3117 origo
248 3067 291 3116 pro
307 3051 406 3116 vulgari,
423 3051 537 3116 originem
553 3051 619 3100 ducit
636 3052 667 3100 ab

169 3122 220 3174 bis:
231 3124 374 3191 brigantiam
387 3134 523 3181 auctorest,
534 3133 616 3173 auctor
626 3140 666 3189 ge-

169 3199 239 3249 neris.
265 3200 305 3248 Ab
316 3199 361 3248 boc
371 3207 451 3248 tamen
461 3197 542 3247 ordine
553 3207 667 3263 perpetuo

170 3273 372 3339 abessespossent
393 3275 516 3321 Assaracus
540 3281 564 3320 ct
586 3272 667 3334 Gany·

170 3349 250 3402 meda,
261 3346 344 3396 batres
355 3347 394 3403 lli,
405 3347 447 3394 lilii
457 3346 533 3395 Trois.
564 3345 615 3394 llus
625 3361 666 3394 au·

170 3427 217 3468 tem
233 3420 404 3468 laomedontem
422 3420 512 3484 genuit,
522 3421 590 3484 cujus
607 3420 669 3469 tilius

172 3494 287 3541 Priamus.
322 3493 429 3555 Tempora
443 3495 515 3541 etiam
532 3493 570 3540 bic
584 3493 614 3540 de
627 3510 667 3542 cs·

170 3565 317 3616 lamitatibus
341 3565 487 3631 accipienda,
510 3565 541 3613 dc
565 3567 666 3616 excidio.

169 3639 218 3689 Sed
229 3639 313 3687 molius
323 3639 368 3686 hoc
378 3639 568 3686 additamentum
578 3637 665 3688 omisis·

170 3721 217 3768 set,
229 3711 287 3776 quia
301 3726 354 3776 seq.
367 3710 462 3759 demum
479 3709 540 3758 libro
556 3712 668 3761 transitur

171 3785 303 3835 sdbellum
312 3784 448 3850 Troianum.
472 3816 477 3825 ·

204 3860 260 3911 ⁷59.
277 3858 404 3922 Sombat]
427 3857 532 3909 florent.
548 3860 572 3908 8.
591 3859 669 3908 Marci

716 2538 764 2586 bris
775 2538 828 2596 fuit,
839 2539 907 2587 sicet
918 2536 970 2586 xiii.
980 2538 1046 2598 ³245
1057 2538 1099 2586 alii
1109 2538 1211 2602 samson

716 2613 776 2660 tibus
788 2611 837 2667 lde,
848 2627 890 2677 pro
897 2611 1040 2676 frondibus:
1057 2609 1101 2659 ssd
1115 2611 1212 2658 aalma

717 2698 842 2734 commune
860 2684 974 2733 montium
995 2684 1129 2748 epitheton,
1146 2684 1212 2747 οὔρει

717 2759 830 2808 σκιόεντα
842 2773 905 2824 sepe
915 2757 979 2824 apud
994 2757 1137 2807 Homerum.
1170 2760 1212 2806 Ae·

717 2831 1214 2896 cedit,qnodldamagnessilresbabnint

717 2906 832 2954 traditur:
851 2906 906 2955 ride
923 2906 1098 2962 Burmannum,
1114 2915 1141 2956 et
1156 2905 1214 2956 conl.

718 2988 768 3028 not.
780 2978 812 3028 ad
823 2980 873 3028 xiii.
884 2980 941 3027 324.
974 2980 1034 3027 Mox
1048 2981 1214 3045 negotiunla·

718 3063 812 3103 oemunt
830 3054 901 3102 rerba
922 3053 1024 3101 Graiam
1044 3063 1104 3103 nats
1125 3057 1215 3103 &corsi

717 3126 787 3175 MSS.
798 3126 913 3192 plerique,
925 3127 1018 3175 Gracili
1028 3137 1112 3176 conata
1124 3130 1214 3177 bicsrsi.

719 3200 801 3265 Rnpb.
813 3201 905 3265 Regius
915 3209 1003 3257 monet,
1015 3203 1108 3251 bicone
1120 3216 1173 3252 esse
1182 3203 1214 3250 in·

717 3283 871 3324 strumentum
882 3275 1005 3324 rusticum.
1038 3277 1138 3335 Audi03
1155 3290 1215 3341 sepe

718 3349 862 3414 enimsum
869 3349 968 3397 bicornes
975 3347 1000 3396 in
1009 3348 1161 3413 supellectile
1169 3366 1215 3399 m·

718 3420 766 3470 tica
793 3431 1013 3477 commemorantur,
1040 3429 1070 3469 ut
1089 3421 1142 3471 viii.
1160 3424 1214 3472 (ibo.

719 3494 781 3542 Hinc
792 3496 868 3558 potuit
876 3496 962 3544 Noster
970 3496 1062 3543 ὑίοωπο
1070 3497 1216 3545 substantive

718 3566 804 3623 dicere,
815 3577 842 3616 ut
855 3571 944 3616 crinale
955 3583 979 3615 v.
989 3570 1032 3617 ⁶³.
1068 3561 1147 3617 Addit
1157 3570 1215 3619 uts-

718 3655 803 3689 reanus
815 3641 971 3706 parturientes
981 3641 1066 3696 solere.
1076 3643 1097 3690 ei
1107 3657 1179 3692 nuno
1188 3641 1216 3690 iis

718 3713 787 3770 adsit,
805 3713 836 3762 ad
855 3713 946 3780 aliquid
964 3713 1058 3763 fulciri:
1080 3714 1108 3763 id
1122 3728 1215 3780 qmqns

718 3796 793 3850 potest
804 3787 879 3837 credi.
901 3789 932 3836 Et
935 3787 1035 3852 ferrans,
1044 3787 1071 3836 in
1080 3789 1216 3847 solitudine,

718 3862 826 3926 pariebat
842 3862 980 3919 Alexirltoe,
995 3871 1024 3911 ut
1041 3861 1101 3911 olim
1119 3863 1216 3921 laton,

172 3936 376 3985 cusiacum
386 3932 434 3998 (ita
444 3942 469 3982 et
480 3933 551 3984 nostri
566 3932 667 3999 fictili)
717 3936 742 3984 in
760 3935 829 4002 cujus
845 3943 917 4003 partu
934 3945 1033 3986 manem
1049 3937 1138 4002 palme
1154 3937 1217 3986 vices

170 4007 666 4075 Hdndumjieitcsasisuatmbtigissenu
716 4008 781 4060 setts
794 4009 961 4060 obstetricans
977 4011 1125 4076 praetentu
1140 4009 1216 4060 Celli-

170 4097 252 4148 rernm
269 4086 379 4141 malua,
397 4095 444 4131 non
461 4081 601 4132 mutandum
619 4091 665 4132 est.
715 4083 823 4139 machus.
840 4084 865 4131 b.
882 4083 938 4132 Dal.
957 4098 1007 4132 rer.
1021 4084 1085 4132 210.
1120 4083 1160 4132 Ite
1174 4083 1217 4132 de·

167 4157 260 4210 ’Μὴ
269 4154 357 4208 dieitur
362 4156 417 4223 quis
428 4169 465 4215 ea,
472 4171 526 4224 qus
536 4155 664 4222 experitur,
714 4155 1217 4224 eamear-mmmmm
