2774 5004
155 318 623 387 mmnuonpnosnon
647 318 738 386 LIB.
762 319 853 388 XII.
960 323 1028 392 89

145 517 253 569 curus
264 517 385 580 nares,
393 492 612 590 oculosque,
621 516 819 592 auresque,
828 496 1025 574 cerebrum

145 609 209 697 uit,
228 609 343 684 veluti
360 618 578 684 concretum
595 607 733 683 vimine
750 632 895 707 querno
949 617 1024 688 436

145 737 191 815 tt;
220 736 308 799 utve
326 725 450 822 liquor
466 725 538 798 rari
557 726 628 798 sub
647 724 812 822 pondere
830 728 940 801 cribri

145 852 183 914 et
200 841 421 939 exprimitur
439 864 506 939 per
522 841 641 915 densa
656 839 838 914 foramina
855 843 1013 941 spissus.

145 956 259 1040 ‚dum
277 970 384 1055 parat
401 957 501 1030 hunc
520 957 634 1030 armis
653 957 795 1030 nudare
808 958 1012 1053 jacentem,

146 1094 165 1143 s
184 1072 255 1145 hoc
273 1072 431 1167 genitor,
450 1072 616 1169 gladium
634 1071 832 1169 spoliantis
850 1073 888 1145 in
907 1075 993 1149 ima'

145 1187 213 1260 risi.
242 1187 457 1260 Chthonius
476 1211 642 1284 quoque,
662 1185 925 1284 Teleboasque
947 1191 1019 1262 441

145 1312 222 1375 :ent
238 1312 386 1375 nostro:
418 1303 563 1375 ramum
582 1301 682 1398 prior
698 1301 762 1375 ille
780 1300 966 1375 bifurcum

144 1428 179 1505 t;
202 1418 262 1491 hic
276 1420 465 1515 jaculum:
482 1417 610 1514 jnculo
628 1416 719 1490 mihi
736 1417 892 1490 vulnera
908 1415 1018 1492 fecit:

147 1531 237 1606 des:
266 1543 425 1631 apparet
440 1533 563 1606 adhuc
582 1542 691 1605 vetus
709 1530 798 1605 inde
814 1531 985 1606 cicatrix.

145 1671 171 1721 o
187 1649 391 1723 debueram
408 1649 593 1747 capienda
610 1648 658 1721 ad
679 1648 866 1743 Pergama
884 1646 1004 1722 mitti:

145 1866 161 1911 ti
177 1875 314 1921 concretum,
331 1865 392 1927 eto]
422 1866 473 1914 Res
523 1863 658 1928 Virgilium,
670 1864 758 1929 Geotg.
769 1863 834 1913 dicto
849 1863 911 1919 loco.
927 1862 969 1912 nbi
984 1876 1021 1912 oe·

145 1953 149 1984 ι
164 1936 214 1986 sino
230 1937 384 1987 similitudine
395 1948 471 1987 trans-
522 1938 569 1985 lios
581 1936 713 2003 explicetur
723 1952 765 2003 uer
775 1937 965 1995 instrumentum,
973 1953 1022 2003 quo

145 2021 214 2059 mm
225 2012 471 2067 loc,xiii.796.eooc-
522 2010 603 2059 vinum
621 2009 742 2076 prunitur.
775 2010 830 2059 luno
849 2009 902 2058 cult
920 2004 1021 2074 supponi

145 2085 250 2149 sgulum,
272 2085 309 2132 lac
336 2084 469 2141 densatum,
520 2084 627 2132 solebant
638 2082 724 2148 prelis,
733 2093 760 2132 ut
771 2091 883 2140 mustum,
891 2090 933 2132 tut
942 2083 1021 2133 oleum

165 2159 339 2223 premebantur.
381 2158 469 2213 limen,
520 2157 544 2205 in
556 2157 585 2206 iis
595 2166 721 2222 exceptum
730 2155 875 2222 liquuetur;
887 2155 1019 2213 lucretius.

145 2244 212 2287 neus,
232 2231 282 2280 sive
306 2231 424 2286 calathus,
442 2231 469 2280 in
520 2231 547 2281 ii.
559 2233 621 2280 391:
639 2233 695 2281 “Et
708 2230 817 2296 quumvis
831 2229 910 2280 subito
923 2240 966 2294 με
979 2240 1021 2279 ot·

145 2313 192 2351 emt
220 2304 321 2364 rustim3
347 2302 469 2368 Virgilius,
519 2304 567 2351 lum
578 2304 634 2353 vinu
646 2303 752 2352 videmus
763 2303 889 2361 Pertinere,
901 2311 926 2350 tt
937 2310 1021 2353 contn

146 2376 167 2424 l.
186 2374 222 2424 Tu
237 2380 303 2439 spisso
315 2379 397 2424 vimine
413 2395 469 2439 qvan-
519 2376 611 2425 turdum
638 2384 764 2425 cunctatur
790 2374 904 2422 olivum.”
948 2374 1016 2423 Porto

146 2454 266 2512 prelorum
278 2452 377 2514 fumosis
394 2455 470 2514 deripe
519 2451 590 2499 verbu
600 2447 741 2515 tnospon‘tn
750 2454 814 2503 sunt,
822 2447 855 2495 ita
866 2454 893 2495 nt
904 2461 952 2494 ver.
961 2446 1019 2496 436.

145 2540 173 2573 ne
183 2525 281 2573 offendit
291 2542 382 2586 querito,
393 2541 468 2588 quan·
518 2527 601 2572 vimine
609 2525 689 2577 cribri,
699 2532 724 2571 et
734 2537 782 2570 ver.
792 2518 900 2583 sequenti
909 2520 950 2566 sub
962 2536 1017 2580 posi·

145 2614 211 2646 ternu
229 2598 331 2662 virgulta
351 2599 388 2645 vix
412 2607 468 2663 nptu
518 2600 572 2644 ders
589 2613 674 2658 quem
694 2593 821 2658 legendum
839 2593 878 2640 sit.
919 2591 1020 2640 Lenrius

152 2671 268 2720 texendis.
301 2673 371 2719 MSS.
386 2679 467 2720 tumen
517 2669 615 2719 suadet:
633 2667 925 2730 viminsspirso-pondm
935 2680 1020 2727 querno

145 2755 225 2803 ruunt3
244 2745 397 2794 omnesenim
411 2761 467 2793 con·
517 2743 663 2808 -soromino
677 2743 757 2790 crihrl.
791 2740 837 2787 Pro
854 2747 933 2786 mmm
944 2737 1018 2787 Basil.

145 2832 179 2864 inc
196 2834 277 2865 vocem
294 2825 378 2884 praeter
393 2834 467 2866 unum
518 2821 592 2865 stillat
597 2834 606 2875 ,·
623 2816 664 2864 sed
676 2813 802 2864 Lucretius
812 2813 837 2860 in
848 2828 873 2862 re
885 2811 956 2861 simili
966 2828 1018 2874 per·

145 2899 183 2938 uto
203 2891 283 2947 habet,
301 2891 364 2954 quod
379 2907 392 2939 e
410 2901 469 2938 texto
518 2908 611 2939 manure
622 2889 691 2939 dixit.

145 2972 176 3011 rut
193 2964 319 3012 Heinsius:
337 2980 394 3012 sane
410 2964 468 3012 nihil
551 2965 607 3013 4³9.
631 2963 727 3011 Nudam
749 2963 818 3009 armis
840 2976 891 3026 pro,
912 2961 1017 3023 spolium

145 3047 192 3085 nto
207 3041 297 3093 uimine,
314 3037 367 3084 vide
384 3037 468 3085 lleins.
521 3038 585 3103 quod
605 3037 701 3087 solenne
718 3036 744 3085 in
764 3035 810 3085 huo
826 3051 860 3084 re.
894 3033 976 3098 Atque
993 3032 1019 3082 id

149 3112 206 3160 435.
240 3112 286 3159 Sed
308 3112 379 3159 etiam
402 3127 470 3175 seqq.
520 3113 597 3177 ipsum
617 3111 729 3159 hocloco
744 3108 879 3157 restitutum
895 3123 909 3156 e
927 3114 1018 3171 septem

145 3186 159 3232 d
170 3184 242 3233 dubie
253 3195 316 3233 sunt.
340 3186 425 3248 Liquor
436 3185 469 3233 ita
520 3187 590 3234 MSS.
602 3184 669 3232 malit
685 3182 805 3238 Heinsius,
816 3180 873 3244 quia
889 3194 941 3244 seq.
952 3180 1020 3245 spod-

145 3275 206 3306 inon
216 3259 309 3306 videtur
320 3275 334 3306 n
344 3268 415 3324 poete
426 3274 468 3322 pro
519 3264 588 3316 ontis,
598 3268 625 3307 ut
640 3256 671 3306 sit
685 3254 808 3304 familiaris
822 3252 865 3301 ills
877 3252 965 3302 ovidio
981 3266 1019 3302 re·

145 3332 316 3380 ooolivnrum:
335 3332 466 3396 nequeille
518 3332 608 3398 petitio.
641 3333 676 3380 At
696 3344 769 3396 quum
790 3326 1018 3376 nudam-interdurn

145 3405 465 3462 derecriorimunat,sedsnb
518 3413 619 3470 ponetur
635 3419 677 3469 pro
693 3401 803 3469 spoliare,
820 3414 897 3467 nsque
916 3400 1019 3451 Ovidius

145 3478 166 3526 li.
197 3479 270 3526 Tollit
289 3479 345 3526 istus
365 3477 466 3526 difficul·
517 3479 606 3543 ubique
630 3475 726 3526 ellectet
749 3471 816 3524 illum
844 3474 1018 3541 repotitiodem¹

145 3566 203 3616 mom
217 3553 284 3599 hlffl.
298 3551 407 3606 Urbinas,
419 3551 466 3598 Be·
517 3562 634 3608 tueamur,
643 3549 905 3613 lectionemvolgstsm.
925 3544 985 3597 Tela
994 3547 1019 3597 in

145 3635 164 3673 tt
176 3626 235 3673 ulter
247 3624 340 3672 'l'huani
356 3624 467 3689 suppedi-
517 3625 998 3692 corpusdicnntmdemtmetdaemdm.

145 3700 193 3746 riui
213 3701 254 3747 sub
273 3701 370 3760 pondere
392 3700 467 3759 proli,
551 3701 607 3749 445.
620 3699 686 3748 Tunc
696 3698 846 3765 ego—deficit
857 3696 933 3760 tion]
949 3695 1019 3744 Tulit

145 3774 239 3836 :potius
248 3771 278 3819 de
286 3771 339 3819 oleo
354 3769 467 3834 agivide·
516 3772 648 3838 jucundum
669 3770 772 3822 reddunt
793 3769 960 3825 narrationem,
981 3768 1017 3817 in·

155 3845 253 3911 spissius
271 3853 295 3893 et
312 3843 397 3891 melius
413 3858 467 3890 cum
520 3846 601 3911 primis
618 3846 638 3895 si
656 3847 837 3911 interponuntur
852 3842 953 3908 longiori
970 3856 1017 3890 cn—

145 3921 211 3967 umri
226 3927 313 3983 potest.
344 3918 403 3964 Tres
418 3917 467 3973 ulii,
519 3920 584 3969 dium
605 3918 783 3974 enumemtioni,
802 3924 875 3981 etque
894 3915 1018 3964 imitentur

145 3993 191 4047 wli.
207 3993 275 4057 cujus
292 3992 391 4040 alterum
408 3989 468 4038 illud
519 4008 638 4042 semones
647 3990 808 4058 quotidianos.
836 3989 917 4037 Simile
929 3987 1017 4034 Nesto·

145 4081 173 4114 ns
192 4082 243 4115 esso
261 4073 330 4130 putat
348 4063 471 4125 Heinsius,
519 4066 551 4116 ris
562 4075 642 4114 votum
658 4056 1016 4130 spstlllomerum,ll.11.ldll

145 4139 245 4190 :toritrte
265 4138 345 4189 Schol.
363 4138 419 4187 MS.
439 4137 470 4187 ud
520 4154 572 4204 sqq.
582 4138 623 4188 obi
633 4138 723 4187 Hector
732 4141 901 4203 provocarent
913 4130 1017 4196 sliqusn
