2774 5004
295 336 340 407 92
383 330 390 339 ⁴
589 334 627 402 P.
652 333 816 404 OVIDII
842 334 1053 402 NASONIS

300 512 477 609 Namque
490 512 678 587 laboriferi
689 535 807 610 quum
817 512 897 609 jam
914 510 1050 584 natalis
1069 511 1223 585 adesset
1278 512 1349 585 285

300 625 488 714 Herculis,
505 639 544 703 et
560 629 750 703 decimum
768 638 1001 726 premeretur
1016 627 1140 702 sidere
1159 627 1333 723 signum;

300 745 498 820 Tendebat
509 748 672 841 gravitas
684 759 832 820 uterum
843 745 956 819 mihi:
973 745 1154 842 quodque
1165 744 1346 831 ferebam,

300 860 464 936 Tantum
482 877 574 950 erat,
591 876 633 936 ut
651 887 783 963 posses
797 874 990 937 auctorem
1008 861 1136 934 dicere
1157 861 1251 934 tecti

300 978 485 1053 Ponderis
503 1003 587 1053 esse
602 978 625 1051 J
628 1005 737 1054 ovem
753 1007 761 1054 :
790 1005 860 1054 nec
875 981 954 1078 Jam
974 978 1135 1051 tolerare
1149 977 1302 1050 labores

302 1093 469 1168 Ulterius
480 1106 668 1193 poteram:
682 1097 774 1193 quin
785 1119 884 1168 nunc
897 1117 1050 1191 quoque
1060 1092 1221 1188 frigidus
1232 1103 1345 1179 artus,

302 1209 403 1282 Dum
422 1211 568 1308 loquor,
581 1212 857 1299 horrorhabet3
878 1233 1042 1310 parsque
1058 1220 1117 1282 est
1131 1209 1346 1281 meminisse

450 1326 602 1399 doloris,
1277 1327 1342 1398 291

302 1441 458 1540 Septem
477 1466 549 1538 ego
567 1466 634 1539 per
652 1452 795 1527 noctes
815 1440 974 1513 totidem
991 1439 1161 1513 cruciata
1174 1439 1322 1525 diebus,

302 1557 420 1630 Fessa
436 1559 556 1642 malis,
571 1558 809 1653 tendensque
822 1556 869 1628 ad
880 1555 1017 1629 coelum
1029 1555 1195 1642 brachia,
1211 1579 1345 1651 magno

302 1670 494 1759 Lucinam,
516 1673 715 1769 Nixosque
729 1697 851 1771 pares,
866 1673 1030 1747 clamore
1047 1673 1246 1746 vocabam.

333 1887 390 1937 285.
410 1886 531 1954 laborifer
551 1887 670 1938 delectum
689 1885 800 1937 llerculis
848 1899 935 1938 center
951 1889 1020 1938 lt'esi.
1055 1888 1174 1951 Niuesque
1187 1905 1263 1952 pens.
1298 1889 1347 1937 Dru

300 1960 430 2025 epitheton.
448 1962 800 2028 Decimum-signnm,decimo
847 1973 900 2012 sunt
910 1963 1010 2029 fratres,
1022 1963 1065 2010 Dii
1080 1973 1170 2024 pertus,
1186 1965 1248 2012 sicin
1262 1973 1284 2011 et
1302 1963 1345 2010 Ln-

301 2051 390 2084 mense.
421 2038 526 2102 Signum,
538 2036 604 2085 sidus
614 2037 712 2086 rodiaci.
742 2038 799 2085 Pre-
847 2042 911 2086 rina.
951 2039 1041 2087 Verum
1067 2044 1154 2101 prater
1182 2037 1347 2100 grammaticus

301 2120 402 2157 nerem
416 2111 555 2172 elegantius,
574 2126 654 2175 quam,
671 2126 744 2176 quum
762 2111 798 2160 iu·
849 2127 917 2161 nemo
936 2122 1058 2160 anctorum
1080 2120 1186 2160 veterum
1206 2114 1346 2161 mentionem

303 2183 411 2232 usvisset
431 2187 502 2240 sidus,
521 2185 545 2234 id
565 2194 609 2241 est,
628 2185 663 2233 sol
679 2185 798 2233 decimum
848 2187 906 2234 facit
919 2186 1035 2234 Nixorurn
1046 2193 1087 2234 aut
1098 2185 1222 2234 Nexorurn
1234 2186 1346 2234 Deorum.

302 2256 404 2320 signnm.
447 2259 488 2306 Sel
507 2263 589 2319 premit
611 2259 672 2315 loca,
693 2258 724 2308 sd
745 2275 799 2323 qne
850 2262 903 2309 Nec
919 2268 1085 2325 apparetque
1099 2275 1170 2307 sensu
1186 2259 1227 2307 bic
1241 2259 1348 2308 dicantur

302 2330 405 2387 accedit,
428 2332 478 2381 xiv.
500 2335 556 2382 416.
590 2335 707 2390 Gravitas,
729 2349 801 2398 grave
848 2352 923 2398 pares.
941 2333 1003 2399 quod
1022 2335 1104 2382 Burm.
1121 2342 1239 2382 mutatum
1258 2333 1348 2382 volebat

302 2420 370 2453 onus.
389 2406 510 2462 Tendebat,
517 2407 669 2464 extendebat,
675 2416 702 2456 ut
710 2425 736 2456 s.
744 2409 800 2458 506.
850 2409 874 2457 iu
886 2407 965 2464 lares,
976 2416 1003 2455 ut
1012 2408 1068 2455 Nisi
1076 2408 1138 2455 iuter
1146 2407 1214 2455 Deos
1221 2407 1296 2456 Lares
1305 2406 1347 2454 sint

304 2479 486 2545 Qtwdserebem.
504 2482 594 2531 Amant
603 2483 681 2532 Graeci
690 2481 801 2531 etLatiui
851 2482 935 2531 babiti.
947 2480 1099 2530 Schirscbiue
1105 2479 1214 2529 defendit
1223 2481 1280 2529 lect
1288 2481 1347 2545 vulg.

303 2562 411 2603 neutrum
427 2554 634 2620 dequonisfoetu.
667 2555 730 2604 Vide
741 2557 802 2604 Gro·
851 2560 1120 2620 rdrtesespartnsquos
1129 2555 1347 2621 cumGanyrzeosd

303 2628 366 2676 nomi
376 2629 437 2678 obs.
450 2630 484 2678 iii.
496 2632 521 2679 2.
540 2629 602 2678 Tecti
619 2634 737 2692 witern·
755 2634 798 2679 Se·
851 2634 908 2682 Juv.
919 2633 968 2679 Sat.
975 2632 1000 2679 ii.
1011 2633 1051 2679 33.
1058 2631 1088 2678 de
1098 2631 1214 2696 partubus
1223 2630 1348 2696 implicitis.

302 2705 452 2770 neca‚Epist.
466 2707 519 2753 124.
536 2705 634 2768 111ι,ᾳιι1
648 2715 801 2753 maternorum
851 2705 971 2770 impeditis
982 2705 1060 2753 adhuc
1069 2704 1093 2752 in
1104 2713 1179 2758 utero,
1191 2704 1268 2769 capit.
1291 2704 1346 2752 Alc·

301 2781 413 2827 eiscernnt
423 2781 613 2827 annularentur.
634 2782 763 2835 Auctorem,
775 2787 802 2827 ut
851 2795 945 2829 menam
967 2780 1039 2843 igitur
1059 2779 1156 2826 sociasse
1180 2779 1306 2835 Lucinam,
1325 2784 1348 2825 ut

303 2850 402 2899 Heroid.
418 2852 452 2899 vi.
469 2853 510 2900 20.
527 2855 583 2900 milti
597 2856 699 2916 grande
706 2854 801 2917 feceret
851 2855 974 2920 expediret
988 2869 1060 2901 nexos
1075 2854 1100 2900 in
1116 2860 1183 2900 utere
1197 2861 1294 2917 partns;
1309 2850 1348 2899 sed

305 2935 460 2974 necteremur.
852 2944 926 2992 quum
941 2928 1023 2975 scribe
1042 2943 1088 2974 non
1105 2935 1290 2990 assequerentur
1304 2926 1348 2973 rim

335 2997 393 3046 291.
414 2999 505 3046 Horren
531 3000 595 3047 labet
620 3009 692 3048 irrue.
730 3001 803 3051 Amat
850 3003 947 3050 istorum
972 3002 1104 3055 verbomm,
1123 3000 1180 3048 inde
1203 3010 1282 3049 ortam
1300 3016 1348 3049 esse

303 3070 391 3119 Noster
407 3072 469 3120 hanc
488 3072 587 3119 formam
605 3073 729 3137 loquendi:
750 3075 801 3123 viii.
852 3077 989 3125 varietatem
1010 3076 1127 3124 lectionis.
1160 3075 1211 3139 Ego
1238 3092 1295 3123 vem
1315 3091 1349 3123 ar·

304 3144 344 3191 84.
363 3146 427 3192 hebet
447 3155 537 3206 pectore
558 3162 663 3203 mantin
682 3146 722 3193 vii.
743 3149 801 3196 547.
852 3150 932 3204 bitror.
944 3150 991 3197 loc.
1003 3150 1099 3197 itaesse
1111 3147 1348 3205 constituendum,ut

304 3218 369 3265 babet
386 3221 485 3282 tungrim·
501 3221 593 3276 emnio,·
615 3219 640 3265 ii.
662 3220 726 3268 Fast.
747 3222 802 3270 754.
853 3225 983 3273 Perennem
998 3223 1036 3271 bic
1052 3224 1094 3271 fiat
1108 3223 1206 3271 mentio.
1244 3223 1347 3271 Dubium

304 3292 369 3339 iubet
381 3291 575 3358 pectorasrigns:
593 3293 646 3342 ride
661 3302 685 3342 et
698 3294 758 3344 inira
771 3296 802 3345 ad
852 3299 914 3346 enim
928 3314 974 3346 non
989 3305 1033 3353 est,
1045 3298 1133 3345 Parcas
1144 3312 1191 3344 uns
1204 3312 1261 3344 cum
1272 3297 1349 3344 Diana

303 3382 328 3413 ι.
339 3366 379 3413 81.
852 3371 1036 3436 parturientibus
1047 3370 1183 3436 prefuisse3
1200 3368 1272 3418 Plato
1283 3372 1348 3435 Syru·

336 3441 393 3487 294.
416 3439 527 3503 Niuesque
544 3442 630 3506 parm]
660 3443 748 3507 Vulgo,
771 3449 802 3494 ad
852 3461 902 3510 pos.
921 3462 944 3510 p.
958 3447 1016 3494 206.
1050 3444 1146 3493 Deinde
1161 3445 1298 3494 Antoninus
1311 3445 1348 3493 Li·

303 3530 369 3561 neses
380 3523 468 3574 pertus.
496 3514 568 3562 Ninos
583 3527 624 3564 ant
640 3517 719 3565 Nisios
733 3533 801 3583 puer·
852 3520 946 3576 berulis,
957 3520 1006 3568 d.l.
1019 3520 1105 3568 diserte
1115 3519 1199 3575 tradit,
1209 3519 1348 3568 Alcmenam

304 3586 363 3651 perii
377 3587 488 3651 presides
505 3589 577 3638 luisse
589 3591 803 3645 volunt‚anitendo
852 3595 1019 3659 parturientem
1039 3594 1142 3641 Dianam
1158 3601 1182 3641 et
1202 3595 1293 3641 Damas
1309 3610 1349 3641 es-

303 3661 337 3708 sic
357 3659 441 3709 dictos.
476 3663 573 3712 Festus:
603 3664 668 3713 ll'ntt
691 3666 734 3712 Dii
757 3669 802 3714 trio
852 3677 941 3733 parturn
954 3684 1005 3716 esse
1015 3667 1132 3715 difficiles.
1154 3669 1255 3732 Μοῖραι,
1265 3667 1348 3732 inquit,

302 3740 370 3800 tigne
391 3738 539 3798 appetuntur
561 3741 586 3786 in
607 3739 720 3800 Capitolio
746 3751 802 3789 ante
853 3743 893 3789 sai
912 3741 1035 3790 Εἰλείθυια
1047 3743 1111 3802 πρὸς
1124 3740 1200 3805 χάριν
1213 3741 1349 3806 τῆςἭρας

304 3811 390 3860 cellam
411 3811 529 3869 Minentur,
546 3817 642 3877 genibus
658 3817 720 3869 nun,
738 3817 802 3863 uelut
851 3819 969 3880 κατεῖχον
984 3816 1012 3864 ἐν
1024 3817 1080 3873 ταῖς
1097 3814 1164 3864 birri
1178 3817 1228 3876 τὴν
1241 3816 1349 3880 Ἀλκμῆι

300 3888 446 3947 presidentes
454 3890 593 3947 parientium
603 3890 699 3935 nisibus.
724 3887 801 3937 Etiam
852 3909 910 3951 νην.
944 3892 1050 3939 Fortasse
1060 3906 1121 3939 vetae
1133 3890 1242 3939 lectionis
1253 3891 1350 3954 vestigia

304 3959 397 4007 Nonius
409 3976 449 4008 eos
465 3961 610 4024 parientibus
621 3960 742 4025 praefuisse
754 3972 801 4011 tra-
852 3963 927 4012 latent
937 3965 961 4013 in
974 3965 1048 4013 alteru
1058 3963 1193 4012 Twisdenio
1208 3966 1262 4012 MS.
1272 3982 1349 4012 netur

303 4032 348 4081 dit.
367 4033 396 4081 ln
407 4035 461 4082 MS.
470 4034 719 4083 Twisdenioadditnm
728 4037 802 4086 schol.
852 4056 894 4100 qne
919 4040 986 4087 Deus.
1019 4039 1097 4086 Etiam
1125 4038 1208 4087 Codex
1235 4038 1350 4103 Spirensis

306 4105 365 4155 Neai
379 4121 432 4156 sunt
448 4109 489 4162 Di.
500 4113 539 4171 qni
554 4118 690 4157 connectunt
704 4113 800 4159 membre
855 4112 971 4177 Nereaque
979 4113 1094 4177 agnoscit.
1111 4112 1182 4177 Apud
1196 4113 1294 4161 Homer.
1303 4127 1349 4160 ver.

303 4183 426 4230 materna
440 4185 515 4231 solnta
530 4186 560 4231 nd
574 4193 676 4246 parturn,
689 4189 751 4234 ende
763 4189 799 4234 di·
854 4188 909 4236 119.
921 4189 986 4238 June
998 4188 1084 4237 retinet
1096 4186 1205 4251 lttrtyras
1216 4187 1241 4236 in
1252 4200 1347 4236 numero
