2774 5004
164 330 195 394 iv
605 323 779 390 INDEX.

168 498 266 556 Myrrha
274 497 368 554 ctum
377 494 425 542 lilia
435 494 460 543 in
470 495 582 543 arborem.

169 571 260 619 Adonis
270 571 294 619 in
305 571 392 618 florem.

168 645 329 704 Hippomenes
339 644 364 691 in
374 644 474 693 leonem.
564 695 567 699 ,

168 719 281 767 Atalanta
291 719 316 766 in
327 718 433 766 laenam.

167 792 262 842 Minthe
272 792 378 852 nympha
386 793 411 839 in
422 791 550 840 mentham.

334 923 439 971 LIBER
456 923 501 970 XI.

168 1018 269 1076 Serpens
279 1016 304 1064 in
314 1031 405 1065 saxum

169 1091 259 1150 Orphei
269 1089 353 1140 eodo.

168 1164 271 1213 Bacche
280 1164 386 1212 Thracias
396 1163 421 1210 iu
432 1163 531 1211 arbores.

168 1239 243 1288 Mide
252 1238 374 1287 stoliditas.

170 1313 285 1360 Contacta
295 1328 310 1360 a
320 1311 389 1360 Mida
398 1311 423 1359 in
434 1326 524 1359 numm.

171 1386 251 1435 Arena
261 1385 352 1434 Pactoli
362 1386 386 1433 in
397 1401 487 1434 aurum.

171 1460 246 1509 Midae
256 1477 324 1509 aures
333 1461 358 1509 in
368 1460 479 1508 asinInas.

171 1535 262 1584 Canna
273 1536 372 1584 vocales.

137 1620 139 1624 ⁴
171 1609 259 1669 Apollo
268 1626 323 1659 cum
333 1611 446 1669 Neptuno
456 1610 480 1657 in
492 1609 605 1658 homines.

171 1683 282 1732 Hesione
292 1682 457 1732 Laomedontis
468 1682 522 1731 filis
532 1682 645 1732 liberatio.

171 1758 253 1807 Thais
263 1758 288 1806 in
297 1758 373 1806 varim
382 1758 476 1806 formas.

172 1834 240 1892 Ceyx
250 1833 274 1881 in
286 1848 361 1883 avem.

171 1907 297 1957 Daunion
307 1908 332 1956 in
342 1907 484 1967 accipitrem.

173 1983 255 2041 Lupus
265 1981 290 2029 in
300 1997 391 2030 saxum

172 2054 295 2113 Halcyone
305 2055 330 2102 in
341 2069 416 2102 avem.

172 2128 253 2176 Somni
263 2127 346 2176 domus
355 2126 487 2185 descriptio.

174 2201 221 2250 Dei
232 2200 312 2249 Somni
323 2200 415 2249 effictio.

174 2276 304 2335 Morpheus
314 2276 339 2323 in
349 2276 462 2326 homines.

173 2350 290 2399 Phobetnr
300 2349 325 2397 in
336 2349 447 2399 animalia
455 2351 531 2400 bruta.

175 2425 306 2474 Phantasos
316 2424 340 2473 in
351 2425 487 2475 inanimata.

175 2500 304 2560 Morpheus
315 2500 339 2548 in
351 2500 462 2558 Ceyoem.

177 2576 280 2623 AEsacus
289 2575 315 2622 in
325 2589 438 2632 mergum.

333 2706 439 2754 LIBER
455 2706 513 2753 XII.

178 2803 278 2860 Serpens
288 2800 312 2848 in
323 2816 414 2848 sarum.

175 2876 306 2935 Iphigenia,
319 2875 503 2935 Agamemnonis
516 2875 571 2931 filia,
584 2875 608 2922 in
623 2890 673 2924 cer·

205 2965 266 2997 vam.

175 3023 255 3071 Peme
264 3023 347 3071 domus
357 3022 488 3080 descriptio.

175 3095 296 3145 Protesilai
306 3096 389 3144 cedes.

177 3171 273 3228 Cycnus
283 3186 341 3229 puer
350 3170 376 3217 in
386 3184 460 3218 avem.

177 3244 277 3294 Canens
287 3244 312 3292 in
323 3259 397 3293 avem.

176 3319 255 3368 Caenis
264 3320 344 3379 puella
354 3319 379 3366 in
387 3335 483 3368 marem.

177 3393 274 3440 Pirithoi
281 3402 305 3441 et
316 3393 480 3451 Hippodamiae
491 3394 585 3452 nuptie.

177 3466 328 3525 Lapitharum
346 3467 561 3526 Centaurorumque
581 3467 634 3515 rire
651 3476 676 3516 et

206 3541 294 3598 praeIIa.

176 3614 361 3672 Periclymenus,
383 3615 451 3663 Nelei
472 3615 540 3672 tilius,
559 3618 583 3664 in
601 3618 675 3666 varias

177 3761 278 3812 Achillis
287 3777 357 3809 mors.

329 3897 434 3945 LIBER
450 3897 522 3945 XIII.

178 3988 241 4048 Ajax
251 3990 275 4037 in
286 3989 437 4047 hyacinthum
448 3989 535 4037 florem.

176 4062 300 4111 Armorum
310 4063 409 4112 Achillis
418 4061 539 4122 judicium.

178 4134 259 4193 Aiacis
270 4136 350 4184 oratio.

717 492 916 543 Artificiosissima
926 494 1012 553 Ulyxis
1021 494 1102 543 orabo.

717 569 816 617 Hecuba
826 571 851 618 in
862 586 952 620 caueam

718 645 829 704 Polydori
838 646 922 695 credes.

624 723 627 733 '
718 721 845 780 Polyxene
855 721 992 769 immolatio.

718 795 884 854 Polymestoris
893 793 1001 842 Thracias
1016 793 1077 853 regis
1086 792 1198 842 emaum.

719 870 855 918 Memnonis
864 869 953 917 cineres
961 868 988 916 in
998 882 1061 916 aves.

720 945 804 991 AEnete
814 944 839 990 in
851 942 943 990 Latiam
954 941 1082 1000 navigatio.

719 1017 777 1066 Anii
787 1017 848 1073 tiliae,
860 1016 939 1064 omnia
948 1030 992 1062 suo
1003 1023 1069 1062 tactu
1083 1013 1107 1061 in
1115 1013 1198 1060 frumen·

748 1101 808 1146 tum,
824 1090 912 1145 vinum,
930 1088 1039 1136 oleumve
1054 1094 1198 1137 convertentes.

748 1165 773 1214 in
782 1166 911 1214 columbas.

720 1240 776 1288 Duo
784 1240 881 1299 juvenes
890 1254 920 1287 ex
930 1237 979 1295 rogi
990 1235 1079 1284 favilla

721 1313 796 1362 Index
806 1314 831 1362 in
841 1328 932 1361 samm.

720 1387 805 1436 Sicilire
815 1386 947 1445 descriptio.

720 1462 800 1520 Scylla
809 1461 834 1510 in
844 1469 980 1509 monstrum.

720 1536 779 1586 Acis
788 1537 813 1585 in
823 1535 926 1585 flumana

720 1610 861 1671 Polyphemi
870 1609 996 1658 cantilena.

721 1687 828 1736 Glaucus
837 1686 862 1733 in
873 1685 952 1732 Deum
962 1681 1088 1730 marinum

875 1813 982 1864 LIBER
998 1813 1070 1861 XIV.

722 1906 807 1965 Scyllas
817 1905 914 1966 inguina
923 1904 948 1988 in
958 1919 1038 1952 canen

722 1983 839 2040 Cercopes
848 1981 873 2028 in
883 1979 970 2027 simma

722 2057 814 2116 Sibylla
822 2056 848 2104 in
857 2069 945 2102 vocem.

722 2131 785 2179 Socii
796 2128 880 2188 Ulyxis
889 2127 915 2175 iu
924 2141 1017 2186 porcos.

723 2205 785 2254 Socii
795 2203 879 2262 Ulyxis
889 2203 915 2249 iu
924 2200 1048 2260 pristinam
1058 2199 1161 2247 formam.

723 2279 794 2328 Picus
804 2277 829 2326 in
838 2291 914 2326 avem.

723 2352 776 2401 Pici
785 2350 881 2400 comites
889 2350 915 2397 in
925 2348 993 2398 feras.

724 2425 819 2474 Canens
829 2423 881 2473 Pici
887 2438 945 2472 uxor
955 2421 1001 2470 loci
1011 2435 1106 2468 nomen.

725 2498 847 2548 Diomedis
856 2496 913 2546 socii
922 2495 947 2544 in
958 2510 1021 2544 aves.

724 2573 837 2633 Appulus
846 2579 924 2630 pastor
934 2569 958 2617 in
969 2568 1105 2618 oleastrum.

725 2648 810 2695 AEnee
819 2661 890 2694 nares
899 2644 924 2692 in
934 2642 1062 2702 nymphas.

725 2721 799 2770 Navis
808 2721 834 2769 in
844 2720 975 2779 scopulum.

726 2795 805 2843 Ardea
815 2795 840 2842 in
850 2809 925 2842 avem.

725 2871 815 2918 AEneas
825 2868 849 2916 in
861 2869 939 2915 Deum
950 2866 1087 2926 indigetem.

725 2943 813 2991 Albani
823 2957 896 3002 reges.

726 3020 869 3068 Vertumnus
879 3017 903 3064 in
913 3015 989 3063 varlas
999 3015 1094 3075 figuras.

725 3095 868 3143 Vertumnus
877 3093 902 3140 in
912 3091 1023 3139 vetulam.

725 3169 858 3216 Anaxarete
869 3166 948 3226 puella
958 3165 983 3212 in
993 3181 1087 3213 saxum

725 3244 795 3293 Urbis
806 3244 890 3291 Rome
899 3240 1038 3289 conditores.

726 3318 802 3378 Aque
812 3315 900 3376 frigide
909 3314 935 3363 in
945 3313 1044 3362 calidas.

726 3392 843 3440 Romulus
853 3391 878 3439 in
890 3391 976 3438 Deum.

726 3468 836 3523 Hersilia,
855 3465 951 3513 Romuli
966 3480 1031 3520 uxor,
1044 3464 1070 3512 in
1086 3465 1164 3513 Deam
1177 3463 1220 3510 llo

755 3557 812 3589 ram.

888 3669 994 3718 LIBER
1010 3671 1069 3718 XV.

725 3761 818 3810 Calculi
828 3761 875 3809 albi
885 3761 910 3808 in
918 3759 1004 3820 nigros.

725 3838 805 3886 Numa
816 3836 846 3884 ad
856 3836 1022 3894 Pythagoram.

725 3913 865 3972 Pythagorae
878 3911 996 3970 dogmata.

724 3986 863 4045 Pythagora
872 4000 954 4033 sermo.

724 4060 862 4119 Pythagorae
872 4059 1090 4116 metempsychosis.

724 4133 867 4193 Pythagoras
878 4133 902 4181 in
913 4131 1077 4191 Euphorbum.
