2774 5004
293 326 337 392 lt
461 371 464 377 ι
579 323 620 388 Ρ.
643 318 806 389 OVIDII
832 317 1045 384 NASONIS

291 499 408 572 Ducit
425 498 463 570 in
481 520 643 570 errorem
661 494 845 569 variarum
864 493 1024 588 ambage
1038 492 1195 565 viarum.

290 613 379 687 Nou
397 638 508 687 secus
526 637 570 686 ac
584 612 750 709 liquidus
765 609 942 706 Phrygiis
958 607 1176 680 Maeandros
1194 606 1336 681 inarvis

291 728 425 817 Ludit;
455 740 494 804 et
509 729 686 825 ambiguo
704 729 812 825 lapsu
831 726 1031 822 refluitque
1049 726 1232 824 fluitque;

292 846 581 942 Occurreusque
600 845 672 917 sibi
689 855 865 917 venturas
881 842 1019 941 aspicit
1037 841 1182 929 undas3

292 960 345 1036 Et
362 986 461 1034 nunc
477 962 524 1034 ad
536 961 672 1047 fonteS,
688 983 786 1032 nunc
804 960 843 1031 in
861 982 962 1051 mare
980 981 1110 1031 versus
1128 967 1313 1054 apertum,

292 1076 463 1152 incertas
480 1089 634 1152 exercet
650 1100 787 1173 aquas:
816 1076 869 1147 ita
888 1074 1068 1146 Daedalus
1086 1072 1220 1170 implet
1272 1076 1337 1145 166

291 1191 514 1268 Innumeras
531 1217 654 1266 errore
667 1193 768 1281 vias;
797 1193 937 1289 vixque
956 1191 1037 1289 ipse
1056 1189 1191 1265 reverti

292 1309 355 1382 Ad
372 1307 486 1383 limen
501 1309 642 1408 potuit:
671 1319 778 1382 tanta
794 1319 853 1381 est
868 1308 1018 1381 fallacia
1034 1306 1145 1380 tecti!

259 1524 261 1528 Α
293 1423 378 1509 Quo
396 1436 596 1524 postquam
613 1426 709 1497 tauri
733 1426 923 1522 geminam
936 1423 1165 1522 juvenisque
1181 1421 1337 1518 figuram

330 1643 384 1690 162.
395 1641 507 1704 Liquidus
519 1641 637 1706 Phrygiis,
647 1643 709 1706 etc]
723 1643 791 1692 Prior
841 1643 933 1690 tassent
953 1642 977 1690 in
999 1639 1063 1689 ludis
1081 1637 1208 1703 gymnicis.
1254 1638 1339 1686 Forum

292 1713 423 1762 Twisdenii
449 1717 544 1776 liquidas
566 1715 684 1779 Phrygius
709 1717 745 1762 Μ.
765 1718 791 1764 in
841 1717 956 1765 victorum
983 1714 1114 1780 principem
1141 1713 1215 1761 fuisse
1235 1712 1337 1759 Taurum

294 1803 379 1844 arcus,
404 1784 429 1833 id
456 1795 500 1842 est,
520 1795 619 1834 arcuata
645 1788 790 1845 conamina,
842 1790 970 1855 quendam,
1000 1789 1119 1837 hominem
1146 1787 1278 1842 crudelem,
1299 1785 1338 1849 qni

295 1859 359 1924 quod
380 1859 460 1924 placet
480 1858 588 1908 Heinsio.
606 1861 661 1929 ¹De
679 1861 793 1911 Meandri
842 1864 931 1912 duriter
956 1863 1013 1912 satis
1040 1862 1148 1910 hahuerit
1171 1876 1257 1926 pueros
1276 1859 1339 1908 illos.

294 1934 387 1982 lnsihus
394 1932 449 1981 vide
460 1932 491 1981 ad
502 1933 586 1981 natu
595 1952 602 1994 ;
612 1943 637 1982 et
652 1936 739 1984 confer.
751 1938 792 1986 Se-
843 1937 902 1986 Vid.
915 1935 1038 1985 Plutarch.
1048 1936 1072 1984 d.
1084 1934 1100 1984 l.
1135 1936 1264 1990 Geminam,
1276 1943 1304 1982 ut
1315 1933 1338 1981 ii.

284 2000 366 2064 'neem
385 2009 457 2056 Herc.
477 2006 524 2056 sur.
544 2008 592 2056 633
600 2025 608 2068 ;
627 2008 713 2058 Phoen.
727 2011 791 2070 605;
843 2013 900 2060 630.
934 2013 994 2066 Sors,
1005 2018 1066 2059 sorte
1079 2009 1150 2058 electi
1164 2009 1232 2073 pueri
1243 2008 1339 2072 puelle·

295 2082 377 2137 silius,
386 2080 427 2129 vii.
439 2081 494 2130 139.
527 2082 625 2138 Seneca,
634 2082 710 2147 priore
725 2083 791 2132 loco:
843 2103 907 2151 que3
921 2085 1072 2142 Plutarchus,
1085 2085 1109 2133 in
1119 2086 1219 2141 Theseo,
1234 2086 1272 2132 17.
1289 2084 1340 2133 Vir-

297 2155 381 2210 Quatit
396 2157 489 2203 incertis
505 2171 577 2219 uagus
589 2156 707 2205 Meander
725 2161 794 2207 undis
843 2161 922 2225 gilius,
930 2158 1025 2208 AEneid.
1037 2159 1068 2205 vi.
1079 2161 1120 2208 22.
1131 2169 1176 2207 stat
1186 2161 1262 2207 ductis
1274 2162 1340 2206 sarti-

296 2238 370 2285 crrat,
379 2230 439 2276 ludit
450 2238 472 2276 et
485 2231 544 2277 cedit
556 2231 605 2285 sihi,
617 2230 735 2294 instatque
749 2235 793 2280 du·
844 2236 884 2283 hue
899 2252 970 2289 urna,
983 2233 1024 2281 ubi
1043 2232 1094 2281 heec
1107 2232 1160 2297 ipss
1177 2248 1214 2279 res
1231 2232 1256 2280 in
1269 2232 1342 2279 valvis

298 2304 357 2357 hius,
370 2301 566 2366 litusensontcm
579 2313 649 2364 petat.
683 2306 795 2369 Ambigua
843 2308 928 2372 templi
943 2321 1055 2371 expressa
1072 2305 1220 2353 describitur.
1254 2306 1290 2353 Ea
1303 2307 1340 2352 da

297 2378 363 2438 lapsu
370 2394 379 2433 ,-
396 2374 456 2423 illud
476 2378 606 2440 ambiguum
625 2376 730 2442 explicat
751 2380 793 2428 Se·
844 2383 912 2436 mitit,
922 2397 951 2430 cx
963 2379 992 2427 iis
1002 2395 1063 2427 unus
1075 2378 1202 2433 interiecit,
1214 2395 1262 2443 quo
1273 2393 1341 2425 sensu

298 2464 368 2505 neca,
379 2447 486 2503 dubium,
496 2448 553 2496 litus
569 2465 600 2497 an
616 2450 704 2498 fontem
720 2461 794 2516 petat.

297 2523 357 2572 Mox
368 2522 452 2571 eodem
462 2538 542 2579 sensu,
550 2525 642 2572 incerte
652 2543 722 2588 aqrre.
748 2527 794 2575 Re-

290 2598 395 2663 fluitquc
402 2598 514 2661 fluitque,
533 2599 688 2662 profluitque
703 2601 793 2665 refluit·

296 2690 348 2736 quc,
359 2683 385 2721 ut
396 2688 463 2720 versu
477 2672 534 2720 536.
549 2673 693 2737 refoventque
700 2675 794 2740 fouent·

297 2765 356 2811 «μη
374 2747 400 2794 ii.
412 2748 470 2795 409.
480 2750 540 2795 redit
552 2749 622 2810 itque.

335 2823 390 2870 166.
420 2822 523 2877 Eaercet,
544 2821 636 2885 fatigat,
661 2829 688 2870 ut
712 2823 795 2887 virgil.

298 2897 389 2958 Georg.
411 2895 444 2942 iii.
465 2885 521 2944 559.
541 2899 639 2944 exercite
658 2914 728 2945 cursu
741 2899 795 2961 flu·

299 2973 376 3016 mino:
392 2983 472 3031 supra,
488 2968 506 3015 i.
525 2970 582 3016 582.
594 2970 663 3032 feste
682 2973 796 3019 erroribus

299 3041 378 3089 undas.
412 3041 464 3087 Hoc
482 3040 534 3087 loco
551 3049 617 3088 tanto
635 3042 720 3104 aptius,
738 3044 795 3106 quia

299 3129 343 3178 per
359 3121 393 3160 tot
407 3113 518 3175 ambages
533 3112 670 3160 decurrunt.
704 3114 795 3176 Implet,

298 3196 346 3236 etc.
361 3187 396 3234 ita
414 3187 498 3233 format
512 3185 570 3240 vias,
588 3195 615 3233 ut
635 3201 676 3234 eas
697 3187 795 3250 ingressi

299 3260 388 3324 ubique
405 3274 481 3307 errare
502 3269 622 3321 cogantur.
657 3261 737 3309 Verbo
753 3266 794 3310 irn-

296 3336 360 3397 plere
370 3334 431 3382 inest
441 3332 505 3381 notio
520 3332 686 3383 multitudinis.
711 3336 794 3385 Tibul·

300 3408 346 3463 lus,
365 3409 386 3456 l.
405 3408 438 3455 iv.
456 3407 496 3454 69.
511 3416 665 3456 tercentenas
682 3414 796 3460 erroribus

298 3484 387 3544 expleat
401 3483 474 3529 urbes.
509 3481 588 3539 Tecti,·
607 3483 710 3532 Gronov.
721 3486 794 3550 conji-

300 3556 408 3605 citasti.

337 3632 391 3678 169.
412 3629 463 3683 Qun
483 3639 605 3691 postquam,
627 3632 687 3694 etc]
708 3633 796 3682 Noster

300 3704 357 3753 An.
369 3702 482 3752 Amatii.
492 3705 523 3751 23
533 3722 538 3749 :
559 3696 667 3752 Dedalui
677 3716 704 3753 ut
713 3708 796 3756 clausit

299 3787 430 3838 conceptum
447 3778 541 3823 crimine
556 3779 635 3824 metris
652 3779 795 3827 Semibouem-

300 3854 429 3915 quesitum
444 3854 616 3912 semivirumque
630 3853 712 3899 bovem.
739 3853 796 3900 Phi-

300 3926 409 3975 lochorus
425 3924 558 3988 scripserat,
577 3924 737 3988 labyrinthum
760 3928 796 3975 fu-

299 3999 347 4050 isse
366 3998 506 4053 custodiam,
529 3997 553 4046 in
575 4015 623 4062 qua
648 4008 797 4050 servarentur

300 4073 366 4142 pueri
387 4074 553 4129 Athenienses,
574 4082 601 4121 nt
627 4074 717 4138 premii
744 4076 796 4125 loco

300 4150 457 4200 tribuerentur
469 4147 508 4206 iis,
519 4149 560 4214 qui
572 4147 693 4198 victoriam
711 4148 794 4215 depor-

844 2458 944 2510 domere,
963 2465 987 2502 et
1002 2453 1019 2500 i.
1036 2455 1101 2511 ³¹23
1120 2452 1154 2500 ix.
1170 2454 1210 2500 93.
1246 2452 1342 2500 Noueuis

844 2532 913 2577 annis
931 2531 1028 2590 repetita
1050 2528 1184 2577 Glareanus
1205 2528 1342 2591 interpreta-

845 2611 883 2651 tur
900 2603 930 2650 de
946 2600 1059 2666 vigesimo
1080 2598 1181 2665 septimo
1200 2615 1276 2660 anno;
1294 2601 1341 2649 Ita-

845 2676 905 2740 gius,
921 2684 974 2741 post
992 2689 1076 2722 novem
1095 2689 1176 2727 annos,
1194 2673 1251 2736 quia
1267 2683 1341 2738 poete

845 2748 1000 2798 distributivis
1010 2756 1108 2795 utuntur
1118 2764 1160 2812 pro
1175 2747 1342 2796 cardinalibus.

845 2824 979 2883 Quotannis
997 2823 1069 2871 talem
1083 2831 1168 2869 sortem
1185 2837 1236 2869 esse
1247 2822 1341 2870 missam

845 2899 870 2947 in
881 2899 986 2952 Cretam,
1001 2895 1097 2962 plurimi
1113 2904 1221 2943 auctores
1238 2895 1341 2944 tradunt.

844 2972 997 3027 Plutarchus,
1018 2972 1070 3018 loco
1086 2969 1127 3016 cit.
1144 2971 1180 3017 15.
1196 2985 1209 3016 e
1228 2984 1342 3018 consensu

844 3045 983 3110 scriptorum
1002 3043 1083 3099 tradit,
1102 3042 1181 3091 loedus
1201 3042 1281 3091 iniisse
1299 3044 1342 3091 At-

845 3119 911 3176 ticos,
929 3128 956 3166 ut
974 3117 1002 3165 δι’
1020 3117 1091 3167 ἐννέα
1109 3118 1181 3173 ἐτῶν,
1198 3133 1240 3182 per
1259 3133 1342 3166 novem

845 3207 927 3247 annos,
944 3191 1056 3239 tributum
1078 3191 1215 3250 mitterent3
1238 3201 1271 3247 et,
1289 3207 1343 3254 cap.

847 3266 885 3313 17.
896 3264 957 3312 hanc
969 3263 1063 3312 tertiam
1078 3274 1163 3312 sortem
1176 3271 1246 3311 vocat
1258 3264 1342 3328 epiros·

844 3337 949 3402 δασμόν.
989 3338 1068 3386 Nullis
1093 3342 1184 3394 iterata,
1214 3338 1245 3386 ad
1271 3353 1342 3402 quam

844 3429 914 3462 nemo
927 3413 1005 3461 rediit.
1038 3413 1076 3460 lb.
1087 3414 1149 3461 375:
1172 3413 1204 3459 Ut
1218 3417 1258 3475 qui
1271 3422 1339 3468 tectu,

845 3492 897 3536 troni
906 3490 1009 3554 jormum
1027 3489 1126 3535 celantia
1140 3490 1241 3543 moneri,
1262 3487 1343 3535 lntrd-

846 3572 903 3608 runt
913 3579 974 3610 cece
983 3580 1027 3609 non
1039 3563 1155 3608 redeunda
1167 3565 1254 3609 domus.
1279 3563 1344 3609 Male

846 3636 959 3684 Heinsius
968 3636 1076 3684 defendit
1087 3638 1148 3682 nulli
1157 3646 1273 3696 superate,
1281 3633 1344 3698 quod

846 3726 861 3758 a
877 3711 981 3776 Spirensi
993 3719 1135 3775 acceperat;
1153 3710 1240 3758 etenim
1252 3726 1345 3771 supera·

847 3794 886 3831 tur
899 3790 979 3846 janua
1000 3783 1072 3832 etiam
1092 3784 1122 3830 ab
1141 3783 1170 3831 iis
1187 3783 1227 3847 qui
1248 3783 1345 3830 intrant.

846 3859 1019 3922 Neapolitanus
1029 3874 1123 3922 quoque
1138 3867 1162 3906 et
1173 3857 1300 3905 Mediceus
1310 3873 1346 3905 se·

846 3932 946 3986 cundus,
965 3942 1080 3992 asperata.
1114 3931 1186 3995 Regii
1206 3931 1286 3985 nostri,
1303 3935 1344 3978 ite·

845 4015 906 4052 rata.
940 4005 1056 4052 Videatur
1071 4005 1166 4070 insuper
1177 4005 1302 4053 Bentleius
1315 4004 1345 4052 ad

846 4078 978 4134 Horatium,
995 4078 1016 4126 1.
1033 4078 1081 4126 Od.
1097 4080 1177 4128 xxxiv.
1192 4083 1214 4128 5.
1240 4079 1292 4126 Filo
1310 4095 1345 4126 rs-

846 4154 911 4202 lectc.
945 4153 1033 4218 Hygia.
1052 4155 1092 4201 42.
1115 4155 1193 4203 licium
1214 4155 1346 4202 santeaco
