2774 5004
286 335 353 402 934
570 331 609 397 Ρ.
633 331 795 399 OVIDII
820 329 1034 396 NASONIS

293 510 436 607 Sponte
454 518 581 581 tamen
598 516 799 606 properant
816 504 878 578 alii
896 504 1111 578 subducere
1129 524 1279 588 remos3

292 624 386 698 Pars
405 626 549 698 munire
565 624 686 710 latus;
717 646 803 720 pars
822 620 944 694 ventis
962 621 1045 693 vela
1063 640 1227 713 negare:

294 739 425 836 Egerit
441 740 502 813 hic
520 740 670 825 fluctus,
690 761 893 835 aequorque
912 736 1078 810 refundit
1093 734 1134 806 in
1152 757 1300 829 aequom

294 853 367 928 Hic
385 855 483 953 rapit
500 868 704 929 antennas:
735 878 820 951 quae
839 853 929 926 dum
948 852 1028 926 sine
1045 853 1132 946 lege
1151 858 1334 945 geruntur,

293 970 440 1068 Aspera
456 970 593 1043 crescit
606 969 739 1055 hiems,
752 969 931 1064 omnique
949 991 971 1041 e
988 978 1094 1066 parte
1110 964 1260 1039 seroces
1273 967 1337 1037 490

296 1086 405 1160 Bella
422 1097 558 1182 gerunt
575 1085 688 1170 venti,
707 1083 879 1181 fretaque
896 1083 1133 1179 indignantia
1152 1081 1319 1155 miscent.

299 1201 388 1301 Ipse
406 1212 530 1299 pavet,
551 1224 619 1273 nec
639 1225 692 1285 se,
712 1200 778 1297 qui
797 1200 845 1272 sit
862 1211 995 1285 status,
1015 1198 1096 1296 ipse
1113 1197 1259 1270 fatetur

297 1316 402 1390 Scire
421 1315 511 1388 ratis
531 1325 665 1400 rector,
686 1338 755 1388 nec
775 1314 866 1410 quid
881 1316 1073 1410 jubeatve‚
1092 1321 1266 1386 vetetve:

295 1431 419 1505 'lanta
437 1431 524 1504 mali
544 1431 674 1516 molae,
693 1441 849 1525 totaque
868 1428 1056 1526 potentior
1074 1438 1156 1500 arte
1174 1426 1256 1499 est!

296 1546 449 1646 Quippe
467 1559 603 1621 sonant
619 1548 781 1620 clamore
793 1545 873 1631 viri,
888 1544 1047 1617 stridore
1065 1542 1261 1627 rudentes,
1274 1543 1336 1614 496

331 1803 386 1849 tssd
411 1803 547 1857 Srtbderere,
568 1801 687 1849 retrahere
711 1815 796 1855 remos,
849 1799 920 1847 none.
942 1798 1068 1853 Homerus,
1079 1796 1128 1846 Od.
1140 1802 1169 1852 Ε,
1180 1797 1245 1855 997;
1262 1792 1339 1858 Virgil.

298 1889 328 1922 ne
338 1876 475 1938 frangantur
485 1874 604 1922 fluctibus.
624 1875 719 1923 Moatra
730 1877 797 1930 latus,
849 1874 906 1921 AEn.
917 1873 933 1921 i.
945 1873 969 1922 d.
978 1873 1002 1933 1;
1019 1875 1040 1922 I.
1050 1872 1123 1921 Trist.
1136 1871 1162 1921 ii.
1174 1873 1216 1920 ³1.
1231 1872 1340 1920 aaran

298 1949 418 1996 obstruere
436 1948 557 2003 foramina,
580 1964 608 1995 ne
633 1963 696 2012 aqua
712 1947 797 1995 intrare
848 1948 934 1994 incerto
947 1956 993 1994 ert:
1012 1961 1052 1993 nee
1068 1948 1123 2008 quid
1131 1945 1248 2010 fugiatur
1263 1953 1341 2006 petatve

297 2022 379 2086 possit.
412 2024 507 2084 AEqnnr,
534 2036 597 2086 aqua
624 2038 743 2086 aequorea,
771 2033 798 2071 ut
848 2020 940 2069 Invenit
946 2022 1123 2083 ranbiguirars
1133 2021 1341 2081 stupetipsosulia

298 2112 368 2148 nore,
382 2096 416 2143 iii.
429 2097 477 2143 686
485 2115 492 2155 ;
510 2096 631 2158 etfretnn
650 2096 712 2159 apud
725 2097 795 2144 Clau·
850 2093 896 2147 Qui
907 2096 935 2140 sit
950 2103 1031 2140 statas.
1066 2092 1237 2148 Satrianum
1252 2093 1341 2140 enuit

298 2168 395 2216 dianum
413 2168 463 2218 (1.1.
496 2169 542 2217 Sed
552 2170 620 2233 jocus
635 2169 674 2216 ille
692 2178 716 2216 et
733 2170 797 2217 lusus
848 2171 916 2223 urisre,
933 2184 966 2213 uro
982 2168 1022 2215 dns
1041 2165 1118 2231 Sebiff
1131 2182 1178 2228 sep.
1212 2165 1261 2215 Sed
1278 2175 1342 2213 rtatrrr

299 2243 431 2297 verborum,
442 2259 515 2306 equor
525 2242 631 2308 refundit
642 2246 666 2290 in
680 2260 762 2305 «prim,
774 2255 798 2291 et
848 2239 918 2288 latius
925 2249 1002 2305 patet,
1009 2255 1152 2304 omnemque
1162 2239 1276 2305 exprimit
1283 2239 1343 2288 naris

301 2314 470 2381 insepuerilis
482 2325 526 2372 est,
537 2325 562 2364 et
572 2317 602 2363 ab
613 2316 658 2364 hac
670 2324 797 2380 tempesta·
849 2322 920 2377 atque
930 2313 1091 2376 navigantium
1103 2312 1276 2361 conditionem.
1303 2313 1343 2360 Ja-

300 2388 331 2436 tis
342 2389 461 2437 notatione
472 2389 638 2438 alienissimus.
847 2389 932 2443 beatoe,
943 2398 1040 2435 petatve:
1058 2387 1129 2451 vulgo
1140 2395 1166 2434 et
1178 2386 1203 2435 in
1215 2387 1300 2436 nostru
1308 2402 1343 2435 eo-

333 2464 389 2511 489.
408 2464 487 2525 Rapit,
498 2464 584 2528 raptim
602 2462 713 2512 detrahit.
747 2465 798 2511 ilu-
848 2459 941 2508 dinibus
957 2461 1041 2524 Regiis
1051 2463 1174 2522 jubentve,
1191 2463 1291 2518 ulitur
1306 2460 1343 2509 sad

300 2544 369 2600 getur
387 2536 478 2585 interea
499 2545 633 2601 tempestas.
668 2537 721 2584 Sine
742 2539 798 2601 lege,
848 2543 906 2580 vetet
926 2533 1108 2598 praeterendum,
1127 2533 1186 2596 quia
1207 2533 1295 2583 melius
1313 2535 1345 2598 τῷ

301 2609 351 2658 sine
362 2609 443 2658 ordine
454 2611 494 2673 (ut
504 2610 521 2657 i.
532 2610 577 2657 477
587 2629 594 2670 3
605 2610 631 2657 ii.
640 2609 713 2671 704.)
725 2626 798 2673 quum
841 2610 925 2669 jubeat
937 2608 1069 2673 opponitur.

301 2698 345 2731 nec
366 2684 461 2732 rectoris
482 2700 527 2732 vox
550 2683 625 2731 audiri
647 2692 733 2748 posset,
755 2699 798 2731 nec
881 2683 937 2730 495.
955 2682 1041 2728 Sonant
1055 2683 1289 2745 elomoreoiri,etc.]
1306 2682 1344 2730 So

301 2765 379 2804 metus
389 2756 513 2805 consilium
525 2756 669 2805 admitteret.
692 2757 738 2804 Les
749 2772 797 2803 om·
850 2769 894 2801 nus
904 2754 983 2802 varius
994 2765 1018 2802 et
1030 2755 1117 2802 mixtus
1126 2755 1278 2803 obtundebat
1284 2755 1345 2804 audi*

302 2830 358 2878 nino
368 2831 451 2879 modus
462 2841 486 2878 et
496 2831 556 2878 ratio
572 2840 638 2878 certa
648 2830 739 2894 aliquid
750 2831 799 2878 effi·
849 2836 908 2883 turn,
916 2829 1116 2892 perturbabatque
1128 2827 1235 2876 animum
1247 2829 1347 2877 netork.

303 2903 390 2951 ciendi.
433 2905 517 2959 Hiems,
539 2903 640 2967 χειμὼν,
665 2912 800 2968 tempestas.
850 2900 984 2963 Virg.d.l.
1020 2900 1152 2962 Insequitur
1169 2903 1300 2964 clamorque
1315 2905 1345 2950 ei·

303 2976 538 3037 Aspero,vebemens.
551 2978 646 3032 Crescit,
654 2976 754 3025 validior
761 2977 787 3024 fir
792 2995 799 3036 ς
850 2976 912 3030 raim,
925 2978 1053 3038 stridorque
1063 2978 1197 3025 rudentum.
1215 2976 1289 3041 Regii
1299 2978 1349 3026 ond.

303 3049 366 3096 Plin.
393 3065 448 3114 pan.
474 3052 514 3098 82.
540 3053 663 3098 moerentia
691 3051 802 3098 laboribus
850 3051 954 3097 incurat.
991 3049 1218 3107 Undarum-anda,
1236 3052 1347 3101 fluctuans

304 3127 409 3173 nrernbra.
423 3124 800 3185 Onnterpanaonnibusecoelt
852 3122 972 3172 collisione
1000 3125 1100 3173 sonabat
1126 3124 1199 3173 unda.
1243 3127 1349 3190 AEqaen,

304 3198 446 3261 regionibus.
481 3198 520 3246 Sie
540 3215 593 3259 purs
614 3198 686 3246 etiam
703 3197 730 3244 ii.
745 3200 800 3247 160.
852 3212 935 3262 nempe
948 3198 1081 3247 altitudine.
1113 3199 1348 3263 Copiosiushecen·

308 3271 401 3319 Feruens
418 3270 486 3334 (vide
502 3271 532 3319 ad
548 3288 597 3320 ver.
608 3271 680 3330 291.)
691 3278 715 3318 et
731 3288 802 3336 supra
851 3281 934 3319 ornata
950 3280 1005 3319 sunt
1022 3273 1043 3319 Ι.
1059 3272 1129 3320 Trist.
1146 3273 1173 3319 ii.
1194 3275 1239 3322 19:
1264 3275 1349 3328 Ουιιιι·

305 3343 382 3399 sortes,
393 3343 451 3407 quia
467 3361 520 3392 cum
535 3345 689 3394 bellatoribus
705 3360 801 3410 eompa-
851 3355 935 3392 montes
955 3348 1080 3394 notnrnrar
1100 3349 1231 3409 maumas!
1252 3349 1350 3412 anjn

305 3425 392 3464 rantur.
428 3418 534 3473 Miscent,
559 3428 707 3466 commovent
735 3420 801 3476 freta,
853 3423 1277 3482 tmtnrosddmamnmpumetc.
1298 3424 1350 3471 Tis-

306 3488 392 3552 quibus
403 3498 459 3537 tune
471 3493 599 3553 indignatio
610 3492 727 3538 tribuitur.
850 3509 922 3556 gnare
932 3504 996 3541 recte
1005 3495 1156 3542 Burmannus
1166 3511 1197 3543 ex
1208 3511 1257 3543 uno
1265 3496 1351 3545 Mureti

338 3563 394 3610 492.
417 3562 466 3623 lpse
486 3564 585 3627 periculi
607 3563 709 3626 augendi
730 3580 801 3614 causa
853 3566 956 3629 pretulit
976 3569 1013 3630 τῷ
1034 3578 1142 3631 tongere:
1164 3568 1210 3617 boo
1232 3569 1352 3619 reroean't

305 3636 432 3699 repetitum
450 3635 551 3684 videtur.
585 3635 648 3684 Hinc
666 3636 737 3684 etiam
752 3637 802 3702 epi·
853 3639 987 3689 lilitsoherl.
1022 3643 1352 3709 Arpergtmrtngaere,asper-

306 3709 424 3772 phonema
442 3709 545 3765 additur,
563 3710 637 3758 Tanta
656 3713 711 3758 nuli
730 3714 803 3769 moles,
853 3728 917 3776 gere,
933 3715 1004 3762 etiam
1020 3715 1055 3763 iii.
1065 3717 1112 3763 86:
1129 3732 1200 3781 supra
1217 3717 1234 3765 i.
1245 3720 1306 3767 579.
1317 3733 1352 3765 υ

304 3791 351 3831 eto.
386 3784 438 3831 Hoc
465 3793 528 3832 certe
557 3783 648 3839 malim,
675 3801 745 3849 quam
772 3803 802 3836 ex
851 3790 946 3851 pergine
955 3790 1022 3837 siloas
1032 3791 1134 3850 impluit.
1170 3791 1352 3839 Erinom-

305 3855 397 3904 lleinsii
417 3857 590 3913 emendatione,
607 3858 665 3906 Eece
682 3871 747 3920 pavet
765 3861 800 3909 le·
854 3862 932 3926 Vulgo
952 3865 989 3925 (et
1007 3864 1032 3911 in
1051 3864 1135 3927 Regiis
1150 3865 1250 3927 nostris)
1267 3883 1296 3914 er
1311 3870 1355 3914 isso

305 3944 361 3992 gere
372 3948 378 3989 3
396 3948 445 3979 erce
460 3931 523 3979 enim
535 3931 574 3979 hic
587 3947 634 3980 non
649 3931 721 3980 babet
733 3948 802 3982 suum
852 3941 928 3985 vertit.
966 3937 1060 3985 Venere
1069 3939 1155 4002 passim
1167 3939 1199 3987 de
1212 3939 1291 3989 ventis
1305 3955 1356 3989 are·

304 4002 393 4053 locum.
430 4005 505 4053 Pavor
521 4013 600 4054 autem
616 4005 690 4071 ipsius
707 4008 803 4057 rectoris
852 4024 895 4057 nas
906 4011 1052 4068 tollentibus,
1062 4021 1090 4059 ut
1099 4012 1130 4060 vi.
1139 4014 1202 4061 706:
1215 4013 1272 4063 binc
1283 4015 1354 4064 etiam

306 4093 381 4141 quum
402 4079 433 4127 sit
454 4079 539 4128 summi
560 4080 658 4145 periculi
679 4080 802 4138 indicium,
854 4083 884 4132 de
902 4084 1013 4134 fluctibus
1029 4087 1160 4143 commotis,
1170 4087 1190 4134 1.
1201 4088 1275 4137 Trist.
1288 4089 1358 4138 ine

304 4154 482 4203 commemorari
492 4155 540 4203 sere
548 4155 608 4204 solet
616 4153 690 4204 intuli
700 4155 803 4220 depcrip
856 4157 975 4222 Brutoque
990 4176 1017 4207 er
1033 4164 1085 4209 inis
1100 4161 1174 4215 feruet
1186 4179 1260 4211 arena
1275 4166 1357 4221 mdis,
