2774 5004
220 343 688 411 METAMORPHOSEON
711 346 802 413 LIB.
827 345 930 412 xlv.
1036 349 1101 412 419

53 514 250 612 Sanguine
266 541 353 591 cum
371 518 490 591 soceri
507 518 727 614 permiscuit
742 521 880 616 impius
897 521 1019 595 ensis:

53 628 160 704 Pace
177 642 304 705 tamen
320 632 402 705 sisti
420 633 574 719 bellum,
594 658 665 708 nec
683 634 721 706 in
739 634 872 708 ultima
888 635 985 710 ferro

25 745 28 749 ’
54 743 263 820 Decertare
280 748 416 846 placet,
435 747 663 846 Tatiumque
681 749 861 823 accedere
879 773 1006 847 regno.

56 858 263 935 Occiderat
279 861 422 947 Tatius,
438 863 665 960 populisque
684 874 833 959 aequata
849 864 1009 950 duobus,
1028 867 1101 937 805

55 973 233 1063 Romule,
247 980 335 1074 jura
350 978 480 1063 dabas,
499 979 624 1075 posita
641 1002 760 1075 quum
781 978 929 1052 casside
947 976 1099 1051 Mavors

54 1089 597 1189 Talibus-affaturDivumque‚
607 1093 874 1190 hominumque
885 1102 1098 1189 parentem:

56 1204 255 1304 “Tempus
263 1207 383 1294 adest,
392 1207 550 1302 genitor,
560 1208 1101 1305 quoniamsundamiuemagno

55 1318 136 1393 Res
156 1320 329 1394 Romana
343 1323 455 1407 valet,
475 1345 545 1396 nee
563 1323 724 1420 praeside
742 1323 883 1421 pendet
899 1321 947 1395 ab
965 1344 1052 1407 uuo,

55 1433 230 1522 Praemia,
250 1459 335 1532 quae
353 1438 538 1534 promissa
551 1439 641 1510 mihi
658 1438 849 1534 dignoque
867 1435 1008 1533 nepoti,
1027 1438 1101 1507 810

57 1548 233 1635 Solvere,
244 1561 283 1623 et
300 1550 468 1624 ablatum
486 1552 594 1624 terris
612 1552 804 1649 imponere
821 1551 928 1625 coelo.

55 1662 115 1735 Tu
133 1664 225 1737 mihi
241 1664 402 1738 concilio
420 1665 609 1762 quondam
624 1676 810 1764 praeseute
829 1665 1008 1749 Deorum,

59 1777 160 1852 Nam
174 1801 369 1865 memoror,
381 1779 613 1875 memorique
628 1779 752 1852 animo
765 1779 829 1876 pia
838 1781 953 1853 verba
963 1778 1099 1862 notavi,

58 1892 169 1966 Unus
186 1893 270 1980 erit,
290 1916 404 1991 quem
423 1903 463 1968 tu
482 1893 592 1968 tolles
610 1896 647 1966 in
666 1895 803 1966 eaeruta
819 1895 924 1982 coeli3

57 2007 225 2082 Dixisti:
255 2019 336 2081 rata
352 2009 402 2081 sit
418 2010 616 2082 verborum
635 2033 781 2082 summa
797 2010 983 2082 tuorum.'’
1028 2012 1100 2081 815

55 2123 201 2197 Annuit
219 2117 483 2220 omnipotens,
503 2136 542 2198 et
559 2125 723 2198 nubibus
741 2148 828 2198 aera
844 2124 954 2197 caecis

55 2393 139 2445 Codex
149 2393 242 2458 Regius
252 2395 283 2445 B.
295 2395 407 2444 Excutere
415 2413 498 2461 reguo,
514 2412 553 2445 co·
605 2405 661 2445 tem.
697 2397 763 2445 Unus
772 2401 824 2453 evit,
835 2411 920 2460 nempe
931 2396 1017 2452 Remo,
1027 2396 1102 2444 altero

54 2468 195 2516 derautem
204 2466 374 2527 naemu,-
392 2477 500 2519 ueutrum
511 2485 553 2518 ra-
604 2469 662 2527 tilio,
672 2469 811 2530 interiecto3
827 2468 881 2516 vide
892 2469 956 2517 Part.
967 2467 990 2515 d.
1001 2468 1017 2516 1.
1052 2469 1100 2516 Cae-

54 2540 104 2588 let:
127 2555 182 2588 nam
196 2540 257 2589 iuter
270 2541 402 2606 precipuas
416 2541 482 2606 pacis
497 2557 553 2591 eon·
604 2546 659 2591 ruia
674 2545 733 2600 euti,
744 2543 832 2591 coelurn
847 2543 969 2590 cerulum.
1002 2542 1101 2591 Ennius.

55 2611 554 2678 ditiones,hocplacuit.ut'1'atiusuna
604 2616 667 2665 unde
688 2615 727 2663 hie
750 2630 799 2663 ver.
821 2623 937 2679 sumptus,
962 2614 1027 2662 Unus
1048 2619 1101 2671 erit,

55 2701 113 2736 cum
123 2684 228 2735 Romulo
238 2701 307 2751 aequa
322 2695 438 2752 potestate
448 2688 555 2752 paribus·
604 2707 668 2752 quem
682 2699 709 2736 tu
725 2690 786 2747 toliis
798 2690 829 2736 ad
842 2690 926 2737 emto
939 2690 989 2736 culi
1002 2687 1102 2749 Tempta.

55 2773 104 2824 que
130 2759 258 2809 honoribus
283 2769 400 2825 regnaret.
436 2764 554 2810 Occiderat
605 2762 683 2812 Etiam
703 2762 767 2827 apud
785 2760 930 2815 Lucretium,
950 2759 968 2807 i.
987 2761 1059 2809 1089.
1077 2778 1100 2810 v.

57 2831 554 2891 Tastm,iusersectus1.uvinii,annovrn.
606 2837 664 2884 770.
681 2838 765 2884 cerula
783 2836 832 2883 coeti
848 2843 873 2881 et
889 2837 977 2881 muntii.
1010 2834 1101 2882 Summo

54 2905 186 2966 eoud.1·2;
201 2906 291 2962 Livius,
306 2906 322 2955 i.
340 2907 379 2954 14.
413 2908 473 2954 Jura
490 2911 554 2964 dure,
605 2911 730 2964 seriorum,
740 2909 812 2956 verba
821 2925 828 2966 ;
845 2906 909 2954 Fast.
919 2905 943 2953 d.
954 2905 970 2952 1.
986 2909 1032 2954 sint
1048 2918 1100 2956 ratu

54 2981 187 3044 impemte;
213 2979 230 3026 ἰ.
247 2981 304 3028 576.
336 2981 445 3043 AEqstatu,
463 2981 556 3030 Sabinis
606 2982 747 3030 dictatoris.

55 3068 127 3117 eque
145 3068 173 3101 ac
192 3052 306 3101 Romanis
313 3070 321 3112 3
345 3053 434 3102 neutris
450 3054 503 3119 plus
520 3054 556 3103 ia·
639 3055 695 3103 816.
719 3053 796 3109 cecis,
806 3051 918 3107 obscuris,
934 3059 960 3098 ut
976 3069 1033 3099 caea
1050 3071 1100 3110 nor,

57 3141 126 3175 vens.
607 3129 817 3191 cesaraugusta
849 3123 1100 3190 MorCioianusprre-

90 3199 147 3247 ⁰⁰9.
165 3197 210 3246 Res
221 3198 324 3246 Romana
334 3200 403 3255 votet,
413 3200 474 3262 etc]
494 3200 557 3248 Fast.
607 3200 652 3247 fert
669 3202 753 3247 terruit
769 3200 848 3252 mesu,
859 3204 952 3260 propter
968 3196 1033 3244 Fast.
1045 3196 1071 3245 d.
1083 3199 1102 3248 Ι.

54 3271 82 3319 d.
102 3271 120 3318 Ι.
141 3271 206 3319 hebet
228 3271 332 3319 Romane
355 3275 456 3333 potentie
482 3276 556 3331 vireu
606 3272 701 3334 Jupiter
718 3279 850 3319 unumst:
877 3277 938 3316 nutu
959 3268 1103 3334 tumefactus

57 3344 431 3409 Sunguiuisuffiriouousgetiliu
442 3349 493 3394 mei.
517 3347 556 3394 De
606 3353 701 3407 uterque
719 3344 761 3391 Est
776 3344 848 3403 potus.
881 3340 915 3387 At
933 3341 957 3389 h.
974 3341 992 3390 l.
1006 3350 1102 3406 praestat

56 3417 555 3475 RomulointerDeosrelato,conierFast.
605 3419 682 3466 urm
713 3423 806 3481 propter
831 3413 901 3462 MSS.
928 3414 1102 3466 auctoritatem.
1173 3430 1176 3441 ·

56 3490 83 3539 ii.
94 3492 143 3541 475
154 3507 208 3556 sqq.
606 3491 745 3556 Complures
776 3487 872 3553 quidem
897 3486 1011 3537 Heinsius
1037 3497 1104 3539 notat

89 3565 146 3614 ela.
174 3565 294 3622 Msmoror,
310 3565 373 3629 quod
393 3565 482 3614 habent
500 3564 556 3623 duo,
606 3563 700 3614 codices
714 3561 839 3627 inquibus
853 3561 1016 3625 legiturtem,
1033 3563 1104 3612 ambo

56 3645 100 3686 aut
113 3652 168 3686 eum
182 3638 260 3687 Ennio
276 3654 318 3704 pro
334 3638 469 3688 reminiscor
482 3646 506 3686 et
520 3654 556 3688 re·
607 3645 686 3686 autem
706 3635 778 3685 nostri
799 3633 871 3698 Regii
892 3634 950 3683 daut
975 3637 1057 3692 metm,
1078 3648 1102 3687 et

57 3709 141 3759 certior
167 3710 269 3776 positum
293 3727 353 3767 esse,
374 3718 416 3759 aut
436 3712 557 3760 Nasonem
606 3709 665 3759 mihi
683 3719 745 3760 certe
763 3708 856 3757 videtur
873 3706 1050 3772 sigmfieavisse,
1068 3707 1103 3756 ita

56 3782 186 3848 scripsisse,
198 3784 259 3832 Nam
278 3783 361 3849 effero,
376 3785 401 3833 h.
416 3800 438 3834 e.
452 3783 556 3840 memini,
607 3785 696 3834 coelum
707 3782 810 3833 tonuisse
820 3791 847 3830 ut
857 3781 980 3831 universus
990 3788 1102 3828 terrarum

57 3855 233 3907 mouetHeins.
265 3857 334 3905 Prius
345 3855 557 3905 admodumcredi·
607 3859 670 3908 orbis
685 3872 751 3906 ruere
762 3855 826 3904 visus
840 3854 885 3903 sit:
903 3853 966 3901 idern
981 3852 1050 3900 docet
1061 3851 1102 3898 Li-

56 3928 106 3978 bile
127 3937 172 3985 est,
187 3929 243 3994 quia
260 3940 285 3979 et
302 3946 382 3979 versus
403 3945 504 3994 sequens
525 3944 554 3978 ex
606 3931 669 3980 vius.
704 3930 760 3984 Qua
781 3929 830 3983 stet,
852 3935 900 3975 stc.
933 3925 1000 3971 Mars
1019 3922 1100 3978 sentit,

57 4001 136 4051 Ennio
145 4012 261 4068 sumptus.
287 4005 555 4068 Itaquememororpru-
606 4003 643 4052 iris
658 4000 730 4067 signis
746 3999 843 4049 concedi
855 3998 900 4047 sibi
911 3998 964 4051 hoc,
975 4004 1001 4043 ut
1012 3994 1101 4044 Romu·

58 4075 103 4123 tuli
113 4076 150 4139 τῷ
160 4093 263 4130 memoro.
272 4077 335 4141 quod
347 4075 448 4125 librariis
458 4074 557 4124 debetm
608 4075 656 4123 lum
666 4089 680 4122 e
690 4074 757 4122 terris
767 4082 857 4134 mptum
867 4069 952 4119 inierat
962 4066 1031 4116 coeio.

59 4148 160 4198 aiterum
176 4149 347 4212 ignorantibus.
383 4151 426 4198 Pio
444 4149 469 4197 in
486 4163 556 4212 nepo·
