2774 5004
345 333 815 402 METAMORPHOSEON
839 335 931 402 LIB.
952 334 1056 404 VIII.
1170 341 1215 408 29

164 507 339 583 Forsitan
356 521 397 583 et
414 509 549 608 Pylius
566 510 662 584 citra
677 509 839 608 Trojana
856 515 1015 610 perisset
1139 519 1213 590 365
1275 504 1281 518 ¹

164 622 376 724 Tempora:
396 625 466 699 sed
483 638 634 725 sumpto
652 627 777 725 posita
793 629 990 703 conamine
1008 631 1057 704 ab
1075 631 1196 721 hasta,

161 735 321 814 Arboris
338 741 493 827 insiluit,
512 766 598 839 quae
616 744 742 816 stabat
759 743 944 841 proxima,
963 745 1097 835 ramis;

163 854 432 954 Despexitque
448 857 531 931 loco
548 869 666 945 tutus,
688 882 802 956 quem
816 858 974 955 fugerat,
993 862 1153 938 hostem.

163 969 356 1045 Dentibus
373 972 436 1046 ille
452 971 559 1046 ferox
576 974 615 1046 in
633 998 777 1071 querno
791 974 923 1073 stipite
940 976 1050 1063 tritis,

163 1085 345 1161 Imminet
361 1087 500 1176 exiti03
529 1087 781 1188 frendensque
799 1092 1012 1166 recentibus
1028 1093 1153 1182 armis,

162 1203 356 1277 Actoridae
374 1206 500 1302 magui
518 1217 638 1280 rostro
656 1206 777 1280 femur
794 1208 920 1281 hausit
937 1210 1096 1284 adunco.
1140 1216 1210 1286 371

163 1308 389 1415 At'gemini,
409 1320 575 1395 nondum
593 1321 763 1395 coelestia
780 1322 916 1411 sidera,
934 1323 1080 1412 fratres,

162 1434 292 1509 Ambo
311 1436 519 1535 conspicui,
540 1438 625 1511 nive
642 1437 922 1512 candidioribus
941 1440 1053 1513 ambo

164 1551 428 1627 vectabantur
443 1552 565 1649 equis,
585 1553 697 1626 ambo
713 1553 859 1626 vibrata
872 1577 940 1651 per
956 1578 1066 1628 auras

166 1667 374 1741 Hastarum
393 1670 552 1743 tremulo
571 1669 794 1766 quatiebant
811 1669 958 1767 spicula
975 1682 1093 1746 motu.
1140 1677 1215 1748 375

165 1781 336 1858 Vulnera
351 1783 551 1870 fecissent3
579 1783 651 1855 nisi
669 1784 809 1880 setiger
824 1783 923 1859 inter
939 1811 1091 1884 opacas,

168 1896 207 1970 N
209 1921 254 1972 ec
267 1900 405 1995 jaculis
422 1901 515 1972 isset
531 1923 602 1971 nec
620 1923 719 1996 equo
737 1902 822 1973 loca
837 1902 976 1998 pervia,
996 1902 1121 1977 silvas.

167 2011 420 2111 Persequitur
436 2013 629 2101 Telamon,
642 2017 845 2114 studioque
863 2017 1037 2092 incautus
1055 2021 1181 2108 eundi,

167 2127 320 2203 Pronus
338 2132 385 2204 ab
400 2131 557 2205 arborea
572 2131 710 2205 cecidit
726 2133 852 2208 radice
870 2144 1051 2208 retentus.

168 2244 281 2319 Dum·
291 2247 390 2322 levat
405 2249 505 2321 hunc
523 2248 675 2336 Peleus,
687 2250 847 2325 celerem
860 2249 1023 2347 Tegeaea
1040 2251 1216 2347 sagittam

166 2479 287 2529 norimus
303 2480 395 2537 tertius,
407 2483 521 2538 meeiduo,
532 2483 597 2546 quod
610 2482 667 2531 olim
717 2484 742 2533 in
760 2486 841 2534 arbore
859 2500 944 2534 acuere
961 2484 1059 2534 dentes:
1078 2483 1103 2532 in
1118 2499 1166 2549 quo
1181 2482 1217 2532 ni·

169 2554 285 2603 Heinsius
294 2556 443 2620 probaverat.
465 2556 536 2620 Regii
548 2558 620 2605 nostri
632 2558 667 2605 ni·
718 2557 763 2606 mis
782 2575 877 2607 severus
897 2567 933 2606 est
949 2557 984 2605 vir
1000 2557 1091 2605 doctus.
1125 2556 1216 2614 Quidni

168 2625 205 2674 hil
225 2637 329 2678 mutant.
363 2630 411 2678 Pro
428 2632 511 2678 erneiso
531 2629 611 2687 Silius,
633 2632 667 2681 iv.
719 2631 838 2679 vacarent
853 2646 909 2697 apro
927 2630 1011 2678 dentes
1029 2644 1123 2686 acuere,
1141 2643 1215 2693 quum

169 2702 228 2750 3⁴3.
236 2719 289 2751 cero
298 2704 382 2766 poplite
387 2721 396 2761 ,·
407 2702 579 2752 sedsuceidrrus
585 2705 669 2770 poples
718 2712 842 2752 venatores
859 2702 953 2766 longius
973 2700 1056 2749 remoti
1082 2709 1168 2756 essent,
1190 2709 1216 2749 et

168 2783 208 2825 est
226 2791 316 2834 eorum,
330 2775 417 2841 quibus
434 2776 528 2827 animus
547 2777 670 2843 linquitur.
717 2777 869 2843 plurimorum
880 2775 930 2824 tela
939 2776 1092 2823 aberrarentl
1126 2775 1215 2823 Raram

170 2848 236 2898 tude
264 2850 434 2900 llurrnannum.
480 2851 562 2908 Nemi,
583 2852 670 2917 quiin
720 2855 836 2906 tiammo,
848 2851 1007 2913 dentes,quos
1019 2856 1124 2896 acuerat.
1147 2849 1216 2897 Aeto·

168 2927 257 2986 poplite
274 2934 329 2973 sunt
348 2924 462 2988 plurimi;
484 2925 548 2974 unde
567 2943 672 2975 memus
720 2927 784 2980 sida,
800 2924 837 2972 vel
860 2921 950 2986 Euryti,
970 2921 1007 2970 rel
1027 2920 1115 2978 casu,
1134 2937 1216 2973 versus

167 3001 253 3061 poples.
288 2998 427 3062 Liquemnt.
438 2999 585 3049 deiecerunt.
722 2998 780 3045 308.
805 2997 890 3045 Femur
902 2997 986 3045 boarit.
1001 2994 1064 3043 Vide
1079 2993 1109 3043 ad
1122 3012 1144 3045 r.
1157 2996 1214 3045 126.

206 3073 479 3136 adnuntiarentur.
514 3075 588 3129 Citrrn
606 3083 671 3124 ante.
754 3073 810 3120 ³72.
822 3074 853 3119 At
864 3070 971 3135 gemini]
988 3071 1073 3119 Castor
1088 3077 1113 3118 et
1131 3070 1216 3119 Pollux

173 3146 277 3209 Mons
308 3157 415 3210 temporo,
438 3149 515 3212 'l'rojre
544 3149 673 3205 excidium,
722 3161 770 3213 pra
786 3145 878 3194 caeteris
891 3143 1064 3198 memorabiles,
1077 3143 1220 3210 quippequi

170 3227 279 3269 utrecte
293 3219 461 3285 interpretatur
475 3220 574 3285 Regius.
609 3222 672 3269 Tem·
722 3228 805 3284 postea
825 3220 886 3268 inter
906 3219 984 3267 sidera
1005 3218 1052 3266 sint
1072 3218 1149 3266 relati.
1189 3219 1219 3267 In

169 3309 228 3355 pora
239 3292 303 3341 enim
314 3293 411 3357 passim,
421 3292 492 3342 etiarn
504 3293 568 3358 apud
578 3293 673 3342 Cicero·
722 3292 752 3342 iis
771 3292 933 3341 describendis
949 3291 1052 3357 pondere
1075 3307 1220 3357 numeroque

170 3382 237 3422 nem,
258 3367 289 3415 de
311 3367 449 3416 calamitoso
476 3377 540 3416 statu
564 3367 673 3426 hominis,
724 3369 847 3416 verborum
861 3367 949 3414 utitur:
967 3365 1023 3413 binc
1040 3367 1157 3414 laturam
1173 3369 1221 3428 rpi-

173 3439 348 3489 nutrivimus:
366 3441 421 3490 vide
434 3441 526 3490 Ernesti
539 3441 608 3490 Clav.
619 3440 672 3492 Cic.
722 3444 785 3499 culo,
806 3456 848 3507 pro
868 3440 957 3499 bastis;
980 3442 1069 3488 vibrata
1088 3441 1221 3502 pruriebant

172 3514 200 3563 h.
216 3531 243 3563 v.
278 3515 371 3563 Sumere
386 3533 502 3573 commen,
516 3515 563 3563 rim
585 3515 673 3566 addere
723 3517 820 3563 tremulo
847 3525 918 3569 motu,
942 3529 983 3578 pro
1008 3528 1058 3561 una
1078 3513 1221 3574 vibrabaut3

171 3587 271 3638 salienti
299 3588 397 3654 corpori.
439 3590 516 3637 Posito
543 3592 572 3638 nb
598 3593 672 3648 hasta,
722 3590 821 3636 verbum
832 3587 954 3635 sonantius
965 3589 1133 3643 vectabantur3
1151 3596 1175 3635 et
1185 3602 1223 3635 re·

172 3659 466 3728 hastatelluriimpressa.
484 3662 674 3724 Conserii.786;
723 3663 806 3728 petitio
823 3664 867 3710 τοῦ
884 3663 955 3715 umbo,
965 3661 991 3709 in
1009 3675 1057 3724 qua
1073 3669 1155 3708 tamen
1172 3660 1223 3708 eri·

172 3733 206 3783 ir.
218 3736 277 3783 710.
311 3736 424 3801 Fugerat,
433 3737 556 3801 effugerat.
723 3734 795 3782 nriam
823 3741 970 3782 venustatem
1000 3749 1054 3781 cnm
1082 3734 1221 3782 Burmanno

207 3810 267 3858 ³69.
290 3808 384 3874 Tritia]
408 3811 503 3859 laudat
523 3812 675 3860 Burmannus
724 3807 826 3873 reperire
841 3823 943 3872 nequeo.
979 3807 1080 3854 Condidi
1097 3809 1147 3869 equi
1157 3806 1222 3870 Tyn·

174 3881 261 3931 Senee.
272 3883 294 3931 1.
308 3882 338 3932 de
350 3884 418 3932 Orat.
433 3884 449 3932 i.
464 3886 541 3933 dentes
556 3895 676 3933 acuuntur
725 3881 815 3930 daridis
830 3881 882 3929 dari
896 3882 1011 3936 solebant,
1023 3880 1086 3929 unde
1101 3897 1115 3929 a
1128 3879 1224 3929 Pindar.

175 3959 273 4005 attritu.
312 3956 381 4006 Idem
408 3957 492 4014 nescit,
519 3974 598 4007 annon
622 3959 675 4022 jure
726 3957 757 4003 P.
768 3957 784 4003 i.
798 3957 851 4003 lat.
862 3956 1013 4004 λιυκοπῶλοι
1024 3963 1147 4002 vocantur.
1172 3953 1223 4000 llo-

175 4037 255 4094 poetra
281 4030 411 4082 luxurianti
437 4031 508 4096 objici
528 4032 610 4098 possit,
631 4032 676 4082 lroc
726 4045 777 4077 rum
796 4045 890 4094 quoque
905 4031 985 4094 jactus
1000 4028 1077 4077 inanis
1091 4026 1224 4074 excusatio-

177 4103 292 4168 longioris
301 4121 371 4155 morae
384 4106 474 4164 suisse3
492 4107 677 4171 nequevacisse
726 4119 780 4152 narn
793 4105 935 4153 merebatur.
1155 4157 1160 4164 ,

177 4191 245 4244 apro,
254 4184 291 4227 tot
302 4178 508 4230 circunstantibus
518 4178 676 4237 venatoribus,
759 4178 816 4226 380.
830 4177 909 4225 Peleus
919 4173 1048 4227 secundum
1061 4169 1173 4237 Apollod·
1185 4172 1222 4222 in·
