2774 5004
119 275 142 342 2
401 273 441 339 P.
466 271 629 340 OVIDII
653 271 865 339 NASONIS

121 448 299 535 AEacidis,
321 447 591 547 Cephaloque;
621 446 760 545 quibus
777 446 935 522 feliciter
953 448 1029 522 acti

120 564 222 638 Ante
239 574 481 663 expectatum
500 573 630 662 portus
648 574 804 638 tenuere
820 563 974 662 petitos.
1149 570 1172 637 5

121 679 274 755 Interea
292 680 418 755 Minos
438 680 614 778 Lelegeia
631 680 742 754 litora
757 692 901 772 vastat3

122 795 407 894 Praetentatque
425 797 483 870 sui
501 797 600 871 vires
617 795 799 873 Mavortis
817 798 855 870 in
873 799 966 872 urbe

122 910 310 997 Alcathoi,
327 936 442 1009 quam
462 910 578 985 Nisus
598 912 734 1000 habet3
752 912 813 987 cui
832 914 1053 1012 splendidus
1070 924 1172 987 ostro

123 1025 230 1100 Inter
247 1028 448 1101 honoratos
467 1027 591 1101 medio
609 1028 657 1102 dc
673 1029 814 1103 vertice
831 1053 946 1104 canos

124 1142 250 1215 Crinis
268 1143 486 1230 inhaerebat,
507 1143 633 1240 magni
650 1141 791 1217 fiducia
808 1145 926 1241 regni.
1129 1150 1171 1216 10

176 1259 296 1334 Sexta
312 1260 558 1357 resurgebant
574 1259 727 1334 orientis
745 1285 886 1334 cornua
902 1258 1090 1348 Phoebes3

28 1401 35 1413 ·
125 1372 177 1447 Et
193 1375 385 1473 pendebat
403 1376 526 1449 adhuc
545 1376 635 1449 belli
655 1374 841 1464 Fortuna3
870 1375 1012 1473 diuque

123 1489 229 1564 Inter
247 1504 448 1589 utrumque
466 1494 567 1566 volat
583 1491 708 1565 dubiis
726 1491 893 1566 Victoria
909 1490 1059 1590 pennis.

125 1604 249 1703 Regia
265 1607 377 1681 turris
396 1618 476 1681 erat
491 1607 684 1682 vocalibus
703 1606 832 1682 addita
848 1607 985 1694 muris3

128 1820 224 1888 ponitur
245 1830 269 1871 et
290 1838 333 1887 pro
354 1821 456 1888 simplici
480 1827 522 1872 ire.
567 1824 628 1873 Ante
676 1829 701 1874 iu
716 1844 786 1888 parva
796 1828 889 1891 fiducia
905 1829 969 1874 crine
982 1827 1086 1873 cauendi.
1119 1825 1171 1873 Non

127 1905 277 1957 expectatam,
294 1895 497 1960 ἀπροσδοκήτως,
518 1897 628 1963 opimone
675 1917 784 1967 nagnam
794 1901 891 1967 quidem
901 1899 961 1949 illud
972 1917 1077 1965 regnum,
1087 1899 1173 1964 quippe

128 1970 208 2020 citius.
236 1971 300 2022 Vide
308 1972 338 2020 ad
349 1972 381 2021 iv.
393 1973 449 2025 7119.
546 2025 549 2031 ,
676 1991 723 2024 non
738 1972 976 2041 nisiquartalltticee
991 1972 1108 2038 pameed
1122 1972 1173 2038 dig·

160 2043 184 2092 6.
208 2044 313 2110 Lelegeia
334 2046 403 2093 litora
428 2045 514 2106 docte3
540 2046 627 2095 etenim
676 2048 759 2098 nitatis
777 2064 858 2102 causa.
874 2063 917 2112 pro
933 2046 1031 2095 coneilio
1046 2055 1133 2111 poetae,
1148 2061 1170 2093 e·

129 2114 254 2182 Lelegeia
272 2118 344 2183 stirpe
363 2118 488 2184 Pelasgica
500 2129 551 2169 tum
566 2129 625 2170 tem·
676 2122 734 2171 tiam
744 2123 836 2172 minora
846 2137 920 2187 regna
929 2139 1013 2185 magna
1023 2120 1144 2169 dicantur.

129 2189 192 2255 poris
207 2191 248 2240 illa
263 2192 317 2240 loca
334 2193 457 2240 tenebant.
493 2193 556 2241 Vires
574 2193 626 2241 Ma·
712 2198 749 2245 12.
759 2197 789 2244 Et
799 2198 909 2259 pendebat
919 2197 1002 2250 aeliae,
1016 2203 1064 2243 etc.
1078 2209 1172 2258 equum

32 2278 38 2286 ·
126 2267 196 2312 matie
214 2268 258 2322 rai,
278 2276 302 2313 et
319 2281 387 2314 versu
404 2267 446 2313 61.
466 2267 557 2315 Mauors
573 2285 628 2316 raas
676 2268 780 2318 Martem
814 2268 904 2333 duplici
938 2267 1043 2332 imagine
1070 2276 1174 2316 exornat.

126 2349 217 2395 ornate,
231 2340 311 2405 copias
327 2355 392 2390 suas.
428 2341 564 2399 Pretentat,
581 2351 628 2391 etc.
679 2344 782 2392 Pendere
795 2343 916 2407 eleganter
930 2341 1042 2389 dIcuntur
1053 2341 1094 2406 qni
1105 2341 1173 2389 dubi·

130 2413 252 2478 copiarum
274 2430 368 2462 suarum
387 2413 448 2462 vires
467 2415 586 2480 experitur
602 2415 628 2463 in
678 2425 737 2474 tant,
749 2418 773 2466 in
782 2427 858 2465 utram
866 2425 955 2481 partem
967 2413 1090 2463 inclinent
1112 2415 1173 2462 Nos·

128 2483 517 2553 hacurbeantebellurnjustom.
538 2489 624 2554 Supra,
679 2498 741 2540 trum
767 2489 881 2556 expressit
903 2487 1061 2543 Claudianus,
1084 2487 1101 2536 i.
1127 2489 1173 2536 ll:

127 2559 237 2612 1114119.
250 2580 302 2612 suae
319 2565 350 2612 ibi
366 2580 544 2625 praeeminere
560 2567 627 2613 vires.
677 2566 723 2613 Hir
733 2581 853 2627 nequeper
868 2565 962 2611 dubium
976 2567 1059 2624 pendet
1071 2563 1173 2611 Fortuna

128 2636 285 2696 Claudianus,
306 2637 357 2687 viii.
380 2639 443 2688 534:
474 2641 518 2687 tela
544 2640 627 2687 saleim
668 2639 841 2705 favorem,etc.
876 2638 978 2685 Victoria
988 2638 1051 2693 Dea,
1062 2653 1116 2702 quae
1128 2638 1172 2685 vir·

128 2710 272 2760 Praetentura
284 2712 354 2778 ferie,
377 2712 429 2761 olim
449 2715 563 2761 domitura
583 2712 627 2762 Gi·
677 2714 739 2779 ginIs
756 2714 826 2762 alatae
843 2711 926 2760 babitu
944 2711 1094 2776 pingebatur,
1111 2727 1173 2759 nunc

128 2797 219 2850 gantas.
255 2787 314 2835 Urba
328 2788 441 2843 Alcathoi,
459 2788 568 2853 Megara,
583 2803 626 2835 cu·
677 2789 774 2838 volabat
788 2789 863 2836 dubiis
878 2788 966 2848 pennis,
979 2784 1106 2850 exquisite,
1118 2784 1174 2850 quia

126 2859 167 2925 jus
188 2877 265 2909 arcem
288 2863 420 2917 Alcathous,
441 2861 536 2926 Pelopis
557 2861 628 2918 filius,
677 2863 730 2927 Ipsa
738 2871 788 2911 erat
797 2861 880 2915 dubia,
891 2875 938 2924 quo
949 2857 1083 2907 inclinaret.
1103 2860 1174 2908 Corn-

128 2933 201 2981 muris
219 2934 335 2983 cinxerat.
368 2935 428 2982 Eam
446 2951 510 2983 nunc
527 2938 628 2993 habebat,
677 2952 746 3002 parea
762 2952 776 2984 e
791 2936 851 2984 libro
865 2934 882 2982 1.
893 2935 948 2982 506.
962 2941 987 2980 et
999 2950 1020 2980 v.
1031 2934 1088 2983 605.
1105 2937 1174 2997 trepi-

129 3007 236 3069 regebat,
262 3006 340 3063 Nisae,
369 3007 432 3055 unde
453 3007 532 3056 Νίσου
557 3008 630 3067 πόλις
678 3012 757 3058 mutes
767 3026 860 3072 manaa.
875 3008 957 3056 Tibul.
970 3007 1037 3056 ILv.
1050 3010 1095 3056 45:
1108 3025 1174 3071 saper

129 3079 195 3129 dicta
208 3089 243 3129 est
258 3081 321 3145 apud
332 3080 480 3145 Euripidem,
492 3081 563 3130 Herc.
575 3082 630 3131 Fur.
670 3083 746 3150 ferrar
755 3085 836 3130 volitat
849 3082 949 3130 Victoria
957 3097 1049 3144 puppes.

128 3154 187 3205 954.
203 3156 297 3212 Strabo,
308 3155 351 3204 lib.
362 3155 395 3203 ix.
407 3159 459 3215 Τῆς
473 3153 587 3216 Ἀττικῆς
598 3156 632 3216 εἰς
714 3159 754 3205 14.
775 3157 849 3221 Regia
865 3159 1030 3212 turris-sam,
1041 3157 1102 3220 etc.]
1121 3158 1174 3205 Me·

131 3227 234 3294 τέτταρα
249 3228 310 3297 μέρη
331 3228 499 3295 διαιρεθείσης,
522 3228 535 3279 d
554 3230 632 3290 Νῖσος
680 3230 800 3280 morabilis
810 3231 880 3295 bujus
890 3234 937 3278 saei
948 3239 973 3278 et
984 3229 1023 3278 alii
1032 3230 1175 3279 mentionem

132 3304 182 3364 τὴν
205 3301 334 3369 Μεγαρίδα
358 3302 441 3368 λάχοι.
474 3303 544 3353 Creso
564 3303 631 3361 Niso,
679 3303 1002 3362 iaciunt,etcommodehoc
1015 3303 1067 3352 loco
1084 3303 1177 3353 intexta

131 3378 189 3427 urbs
210 3393 225 3427 a
245 3379 368 3442 Megarao,
389 3377 430 3443 qui
455 3378 515 3427 Niso
535 3387 632 3428 venerat
680 3389 726 3430 eet.
754 3378 873 3445 Heynins,
886 3377 916 3426 ad
929 3377 1023 3441 Virgilii
1035 3377 1111 3435 Cirin,
1124 3381 1177 3430 105.

132 3449 229 3509 auxilio,
239 3451 305 3501 dicta
315 3461 351 3500 est
361 3452 470 3516 Megara.
505 3452 630 3516 Colapian-
679 3461 757 3517 putat,
778 3469 807 3502 ex
824 3451 905 3501 Ovidii
923 3460 1002 3499 mente
1024 3455 1109 3499 tanim
1127 3453 1178 3502 edi-

133 3525 201 3573 didae
219 3533 285 3583 armo,
301 3533 348 3578 etc.
388 3525 427 3579 De
448 3541 565 3591 purpureo
585 3526 629 3575 hoe
679 3527 742 3577 disse
763 3527 832 3576 illurn
856 3544 949 3575 mum:
977 3524 1040 3591 qnod
1066 3542 1113 3574 non
1133 3537 1178 3577 est.

132 3599 197 3648 crine
208 3598 256 3648 vid.
267 3599 403 3664 Virgilium,
414 3600 439 3649 in
453 3600 511 3657 Cirl,
521 3616 570 3652 ver.
584 3604 630 3654 ll9
680 3601 776 3651 Diserte
786 3601 850 3649 enirn
865 3616 880 3649 a
894 3601 1006 3648 vocalibus
1021 3599 1094 3648 muris
1104 3604 1178 3667 regia,

133 3689 186 3738 sqq.
207 3674 318 3725 Scholion
339 3675 459 3741 Euripidis
480 3675 511 3724 ed
532 3677 630 3746 Hippoi.
680 3691 695 3725 a
717 3692 772 3740 rege
792 3683 907 3731 extructa.
925 3677 996 3723 turris
1016 3672 1180 3738 distinguitur.

135 3749 206 3797 1200.
217 3748 290 3798 babet
300 3752 413 3814 χρυσοῦν
424 3749 564 3816 πλόκαμον.
582 3752 631 3801 Ha·
683 3750 779 3806 Vacalir,
797 3765 879 3798 sonum
896 3749 978 3805 edens,
989 3763 1110 3796 resonans.
1144 3750 1179 3797 A·

134 3833 331 3871 aoratos-canoa.
371 3825 521 3891 Responsum
548 3834 629 3873 autem
680 3824 744 3890 pollo
771 3823 834 3873 enirn
856 3840 928 3888 quum
950 3821 1077 3878 Alcathoo,
1100 3838 1181 3872 mums

132 3904 193 3953 erat,
205 3896 295 3946 tamdiu
308 3913 362 3946 eum
378 3897 469 3946 salvum
481 3898 529 3946 lore
539 3908 563 3947 et
578 3914 629 3963 reg·
680 3900 807 3955 extruenti,
818 3914 912 3964 operam
929 3907 1035 3952 navaret,
1045 3897 1120 3961 lyram
1135 3898 1180 3947 de·

134 3979 253 4029 naturum,
269 3987 341 4037 quam
359 3971 447 4021 currem
465 3972 533 4021 illurn
551 3981 629 4022 custo-
680 3975 773 4040 posuit:
791 3991 856 4022 mnus
874 3983 954 4022 antem
975 3976 1023 4033 <ira
1040 3972 1065 4019 in
1086 3972 1181 4038 lapides

133 4045 221 4106 disset;
236 4047 292 4096 binc
308 4049 386 4112 ningat
398 4048 492 4110 fiducia
509 4065 589 4113 regar:
606 4058 630 4096 et
680 4050 797 4115 subjectos
819 4050 918 4105 transiit,
935 4056 969 4104 ut,
984 4047 1003 4095 si
1026 4047 1080 4112 quis
1098 4047 1178 4113 lapide

135 4122 198 4188 apud
210 4120 344 4188 Virgilium,
357 4121 409 4183 Cir,
419 4122 482 4170 380:
504 4122 579 4171 Tanta
598 4133 629 4171 eat
680 4138 720 4172 eos
747 4131 888 4188 percuteret,
908 4121 1011 4173 eundem
1037 4120 1083 4179 illi,
1106 4138 1180 4188 quem
