2774 5004
264 339 737 408 METAMORPHOSBON
760 339 853 407 un.
874 341 944 408 lx.
1051 343 1117 413 ut

59 513 152 589 Non
171 515 378 614 exploratis
396 515 548 616 impleri
566 514 683 590 lintea
699 514 834 589 ventis.
924 589 926 592 ,

58 630 250 706 Auferor
240 655 280 705 rn
297 631 501 730 scopulos
492 632 617 729 igitur,
635 633 908 729 submersaque
926 595 1055 706 toto

60 746 215 820 Obruor
230 747 411 836 Oceano;
433 771 558 844 neque
576 747 718 822 habent
730 770 817 821 mea
828 747 911 821 vela
923 771 1110 825 recursus

60 861 191 946 Quid?
209 864 313 960 quod
331 874 370 937 et
386 864 576 937 ominibus
594 865 709 938 certis
727 864 954 963 prohibebar
970 865 1087 940 amori

60 975 267 1074 Indulgere
283 1001 380 1065 meo,
399 989 480 1052 tum
498 1003 616 1077 quum
635 979 726 1052 mihi
743 979 838 1054 ferre
852 981 1003 1077 jubenti
1037 985 1111 1056 595

60 1092 231 1180 Excidit,
247 1092 391 1169 etfacit
408 1119 497 1193 spes
515 1107 664 1169 nostras
682 1119 769 1170 cera
785 1095 976 1170 caducas?

60 1208 202 1282 Nonne
215 1210 274 1283 vel
291 1209 357 1283 illa
372 1210 456 1285 dies
474 1210 606 1300 fuerat,
625 1212 686 1284 rel
703 1222 783 1284 tota
799 1212 985 1296 voluntas,

60 1325 140 1399 Sed
156 1326 283 1423 potius
300 1328 484 1401 mutanda
499 1327 602 1401 dies?
630 1326 736 1401 Deus
754 1326 837 1424 ipse
854 1327 1045 1412 monebat,

62 1440 260 1538 Signaque
277 1453 381 1517 certa
396 1443 526 1529 dabat,
545 1442 576 1515 si
595 1465 670 1515 non
688 1442 786 1516 male
804 1465 898 1515 sana
912 1440 1080 1515 fuissem.

61 1555 114 1629 Et
130 1567 259 1632 tamen
275 1558 359 1656 ipsa
375 1558 492 1655 loqui,
508 1581 579 1632 nec
596 1582 657 1631 me
675 1557 911 1631 committere
923 1580 1019 1631 ceroe
1037 1559 1112 1630 600

61 1670 292 1761 Debueram,
310 1697 555 1771 praesensque
572 1698 677 1748 meos
695 1673 841 1770 aperire
858 1672 1015 1746 sorores.

60 1786 232 1862 Vidisset
248 1789 422 1863 lacrimas
436 1816 446 1878 3
475 1788 601 1863 vultus
618 1788 775 1862 vidisset
791 1788 974 1862 amantis:

59 1901 178 1978 Plura
194 1904 298 2002 loqui
316 1913 500 2002 poteram,
520 1928 635 2001 quam
653 1927 739 2000 quae
756 1927 892 2002 cepere
910 1904 1090 1978 tabellae.

60 2018 186 2093 Invito
203 2020 309 2118 potui
327 2019 562 2094 circumdare
580 2019 734 2093 brachia
747 2018 867 2108 collo;

59 2133 330 2234 Amplectique
347 2135 478 2234 pedes,
493 2134 692 2232 affusaque
709 2158 867 2232 poscere
880 2134 996 2210 vitam
1011 2159 1021 2210 ε
1037 2138 1112 2210 605

60 2249 126 2338 Et,
145 2253 178 2326 si
196 2255 382 2351 rejicerer,
401 2253 507 2351 potui
525 2251 704 2326 moritura
720 2250 852 2325 videri.

61 2368 203 2444 Omnia
216 2367 412 2457 secissem3
442 2392 602 2466 quorum
620 2367 653 2441 si
671 2366 819 2464 singula
835 2367 969 2440 duram

60 2481 233 2558 Flectere
250 2508 325 2557 non
342 2495 527 2583 poterant,
542 2483 755 2582 potuissent
772 2482 911 2567 omnia,
927 2493 1109 2557 mentem.

61 2597 235 2672 Forsitan
252 2609 291 2672 et
308 2599 413 2672 missi
431 2599 482 2673 sit
498 2599 675 2697 quaedam
693 2598 806 2695 culpa
822 2596 995 2669 ministri.

93 2847 151 2894 ⁶92.
166 2846 277 2913 Auferor,
295 2846 355 2910 etc]
374 2847 458 2897 Amor.
478 2848 512 2896 11.
527 2847 559 2897 iv.
609 2843 743 2899 consilium,
761 2841 872 2908 abjicere.
906 2842 1001 2890 Mmisre
1018 2841 1111 2907 propris

58 2920 92 2967 u:
111 2920 223 2984 differor,
237 2929 267 2969 sit
281 2923 466 2983 rspidascueita
478 2925 560 2984 poppis
609 2920 640 2969 de
667 2916 793 2973 ominibus,
820 2914 935 2980 auguriis,
955 2925 1002 2965 stc.
1045 2915 1110 2964 Male

57 3011 129 3058 aqua.
608 3011 673 3049 mna,
692 2991 776 3040 insana
785 3006 792 3052 ι
810 2989 927 3055 Virgilius
945 2992 966 3038 si
985 3005 1047 3039 siens
1063 3006 1110 3039 m

93 3070 151 3118 69⁴.
165 3068 229 3122 Quid
234 3070 244 3116 l
260 3070 319 3133 quod
334 3078 356 3116 et
371 3070 488 3124 ominibus,
500 3065 559 3130 ete]
611 3068 766 3132 messim.

59 3142 98 3192 Ex
119 3157 185 3191 more
204 3142 417 3209 superstitiosorum
440 3141 561 3191 hominum
643 3143 702 3191 600.
720 3141 753 3190 Et
764 3150 839 3189 tamesi
849 3143 898 3202 lpas
910 3140 979 3203 loqui,
989 3137 1050 3202 ete]
1061 3137 1111 3188 Co·

58 3217 114 3265 bec
135 3216 208 3275 dicta,
226 3216 277 3281 qui,
293 3216 335 3266 nbi
355 3215 448 3265 adversi
469 3214 560 3280 aliquid
611 3232 660 3266 ram
679 3215 857 3280 melius‚qoam
871 3213 954 3270 literis,
968 3211 1063 3261 fratrem
1074 3209 1110 3261 ri-

57 3290 89 3339 iis
115 3290 214 3348 accidit,
232 3290 258 3340 id
277 3291 333 3340 inde
356 3299 475 3357 repetunt,
497 3289 561 3355 quod
611 3290 704 3340 cissem.
728 3289 781 3350 Ipsa
793 3303 881 3344 coram,
893 3303 947 3353 opp.
958 3284 1041 3334 literis.
1070 3285 1112 3334 Me

56 3363 179 3412 ominibus
205 3378 253 3413 non
279 3364 419 3430 paruerint3
447 3364 561 3428 Virgilius
611 3378 665 3412 curn
681 3362 704 3412 vi
722 3362 823 3420 dictum,
840 3360 875 3418 id,
893 3360 957 3410 unde
975 3358 1041 3408 salus
1057 3372 1113 3409 mea

58 3436 114 3486 Pal.
121 3436 140 3485 i.
153 3437 193 3486 16.
214 3437 284 3486 Certo
293 3439 370 3486 omina
381 3447 405 3486 et
415 3441 481 3504 signu
492 3436 561 3502 (vide
610 3436 707 3505 pendet.
738 3436 818 3485 Etiam
835 3437 973 3485 committere
986 3434 1053 3482 verb.
1069 3432 1112 3482 de-

57 3509 84 3559 in
95 3510 167 3560 linem
177 3511 254 3575 notra)
264 3519 321 3561 sont
330 3511 494 3578 perspicuam
505 3527 560 3578 opp.
610 3512 708 3562 lectum.
738 3511 794 3560 Jam
805 3508 900 3575 singula
911 3515 1013 3564 enarrat,
1025 3505 1112 3571 quibus

57 3586 167 3644 οὺιοιιιίι,
183 3601 237 3651 qua
252 3586 349 3636 dubites
366 3600 399 3634 sn
415 3585 501 3635 ominis
511 3586 560 3634 rim
610 3600 715 3652 presens
735 3584 813 3633 fratris
835 3583 940 3632 animum
957 3580 996 3630 rel
1017 3580 1112 3630 mollem

57 3658 173 3708 babeam
201 3659 325 3726 Virgilius,
347 3661 439 3726 Georg.
460 3660 480 3708 i.
503 3661 561 3710 229.
611 3675 713 3717 movere,
725 3659 764 3709 vel
781 3657 867 3707 durum
880 3657 973 3705 vincere
989 3663 1014 3703 et
1027 3669 1112 3720 cogere

58 3734 310 3801 baudobssorasigna.
346 3736 422 3792 Fecit,
433 3743 481 3786 stc.
498 3734 561 3784 cers
610 3734 735 3784 tentasset.
777 3732 838 3780 Sum
864 3739 943 3780 summ
963 3728 1006 3778 ills
1027 3743 1109 3778 amsu-

57 3805 153 3856 eadm
163 3808 291 3872 portendit.
299 3823 367 3874 spem
377 3823 472 3874 quoque
482 3823 559 3856 meam
610 3809 679 3866 dum,
692 3807 832 3864 dolentium,
843 3802 1044 3871 persuadentium,
1055 3819 1112 3868 sup·

56 3883 241 3940 manassem,
251 3881 331 3940 idest,
340 3897 444 3942 vsnsrn·
463 3881 561 3931 Codm
610 3882 709 3950 plicum,
719 3879 906 3946 desperantium.
939 3876 1080 3942 Affiisum
1061 3891 1112 3925 srva

55 3955 175 4020 pravast.
192 3955 260 4006 rus.
274 3958 330 4006 101.
358 3957 402 4006 Sed
416 3959 492 4019 potius
510 3973 561 4003 mu·
611 3958 745 4008 advolutum
754 3954 860 4018 amplecti
868 3954 935 4013 pedes
945 3956 986 3998 aut
997 3949 1112 3997 adherere

58 4031 133 4079 tanda
148 4031 197 4078 dias
212 4030 275 4079 besa
291 4029 323 4079 ad
342 4030 428 4079 smoris
445 4028 560 4078 ardentis·
609 4034 703 4096 genibus
722 4028 794 4078 etiam
814 4027 898 4076 Rome
921 4025 1032 4087 frequens
1050 4036 1108 4085 sup·

56 4102 111 4153 siml
127 4104 253 4153 veritatem
270 4105 405 4171 repetitum,
422 4120 497 4170 quum
514 4117 560 4152 non
610 4104 750 4173 plicsotium
776 4117 845 4162 ωοιι
872 4099 972 4153 Plinius,
994 4094 1109 4198 lx.1·:p.

56 4178 188 4231 sustineret
213 4188 284 4230 istm
310 4181 458 4235 volumem,
485 4185 561 4227 totum
612 4178 662 4230 xxi.
680 4181 700 4228 l.
