2774 5004
133 315 199 377 476
426 310 465 373 Ρ.
489 309 651 375 0V1Dll
674 307 889 375 NASONIS

136 484 244 558 Mille
262 483 354 556 locis
372 482 580 556 lacrimavit
598 483 703 567 ebur,
722 492 932 578 cantusque
950 478 1125 553 feruntur

135 600 281 686 Auditi,
299 600 441 672 sanctis
459 609 498 672 et
514 597 629 671 verba
647 598 807 671 minacia
824 596 932 670 lucis.

137 713 300 787 Victima
317 713 421 786 nulla
438 713 543 800 litat;
573 735 806 807 magnosque
823 712 964 784 instare
981 709 1162 783 tumultus

137 827 249 902 Fibra
266 837 414 917 monet;
446 850 663 923 caesumque
681 837 797 925 caput
812 826 997 924 reperitur
1014 825 1056 897 in
1074 823 1177 896 extis.

136 942 259 1040 Inque
274 943 366 1030 foro,
379 943 596 1039 circumque
614 943 759 1030 domos,
776 954 814 1016 et
831 943 974 1041 templa
993 940 1157 1014 Deorum

137 1057 353 1132 Nocturnus
369 1058 536 1133 ululasse
554 1082 680 1144 canes,
700 1059 929 1155 umbrasque
947 1057 1126 1130 silentum

135 1173 329 1247 Erravisse
347 1173 487 1260 ferunt,
505 1185 724 1270 motamque
741 1173 966 1248 tremoribus
985 1173 1130 1250 urbem.

138 1287 225 1361 Non
243 1300 369 1362 tamen
388 1288 556 1374 insidias,
575 1300 806 1385 venturaque
824 1288 972 1362 vincere
990 1286 1071 1360 fata
1112 1289 1178 1359 799

136 1401 386 1477 Praemouitus
405 1415 562 1502 potuere
581 1404 724 1478 Deum:
746 1403 944 1500 strictique
963 1402 1133 1475 feruntur

137 1518 182 1591 In
196 1519 379 1616 templum
396 1519 530 1615 gladii:
552 1519 786 1615 nequeenim
797 1520 902 1591 locus
913 1517 1014 1590 ullus
1029 1517 1067 1589 in
1081 1515 1177 1587 Urbe

137 1632 198 1705 Ad
217 1634 375 1719 facinus,
394 1634 590 1730 diramque
608 1634 746 1731 placet,
765 1632 836 1705 nisi
853 1631 980 1718 Curia,
1000 1631 1154 1705 caedem.

188 1747 286 1822 Tum
303 1772 391 1822 vero
408 1748 599 1845 Cytherea
617 1772 730 1822 manu
746 1747 932 1845 percussit
949 1757 1113 1843 utraque

138 1863 301 1952 Pectus;
330 1873 369 1937 et
388 1863 541 1936 aetheria
558 1863 708 1936 molitur
724 1863 886 1937 condere
905 1862 1018 1948 nube,

140 1978 225 2062 Qua
242 1979 345 2076 prius
364 1978 499 2051 infesto
517 1962 627 2051 Paris
645 1988 705 2051 est
722 1991 874 2075 ereptus
891 1976 1051 2064 Atridae,
1113 1981 1178 2050 805

139 2092 190 2165 Et
207 2092 435 2166 Diomedeos
454 2093 592 2167 AEneas
610 2093 759 2190 fugerat
774 2117 897 2167 enses.

137 2206 293 2280 Talibus
312 2208 409 2281 hanc
426 2208 595 2304 genitor:
627 2209 717 2283 Sola
734 2207 987 2306 insuperabile
1005 2207 1137 2293 fatum,

139 2322 254 2408 Nata,
273 2346 422 2396 movere
437 2323 575 2420 paras?
601 2324 717 2397 intres
736 2324 826 2397 licet
842 2324 926 2420 ipsa
944 2323 1125 2397 Sororum

137 2437 255 2512 Tecta
272 2437 406 2527 trium;
436 2462 569 2512 cemes
587 2438 663 2511 illic
682 2438 873 2511 molimine
891 2448 1000 2512 vasto

170 2585 226 2632 792.
245 2582 318 2639 Ebur,
333 2591 417 2631 matria
436 2583 555 2639 eburnea,
569 2599 633 2648 quaa,
718 2585 775 2634 797.
783 2584 913 2633 Nocturrws
922 2585 1120 2648 obtinemus]
1131 2585 1181 2633 Vir·

137 2673 211 2722 quum
223 2666 326 2722 tempore
344 2656 425 2722 pluvio
436 2656 538 2706 humidae
549 2669 635 2714 essent,
684 2657 741 2722 gil:
760 2664 776 2686 “
788 2658 950 2723 Obscoenique
966 2675 1041 2708 canes
1055 2660 1129 2723 Signa
1144 2658 1184 2706 da·

137 2730 260 2778 lacrimare
271 2730 435 2779 credebantur.
458 2732 553 2787 Caritas,
566 2747 636 2780 voces
684 2732 902 2781 bant-simulacra
912 2731 988 2781 modis
997 2733 1114 2797 pallentia
1123 2732 1185 2780 miris

137 2803 205 2867 quasi
221 2803 317 2852 oraculo
327 2802 407 2859 editae,
418 2804 500 2868 quales
516 2821 579 2870 saepe
594 2821 635 2854 aa·
687 2805 747 2855 Visa
756 2807 800 2854 sub
811 2807 936 2855 obscumm
944 2806 1049 2855 noctis.”

137 2876 194 2924 dire
216 2877 277 2924 inter
294 2878 373 2925 omina
394 2877 482 2926 habita.
516 2879 553 2926 Ita
575 2879 636 2927 Bur·
719 2880 775 2928 000.
795 2880 954 2936 Praemorritus,
972 2880 1039 2944 signa
1059 2880 1185 2944 premissa.

138 2960 306 3001 moueantur
316 2952 504 3001 Bronclbusinm
512 2954 553 3017 qui
561 2953 634 3002 male·
689 2952 804 3015 Templum
823 2968 885 3000 nunc
899 2953 973 3008 cuna,
995 2962 1022 3000 ut
1039 2969 1104 3018 sepe
1122 2952 1184 3017 apud

136 3024 189 3080 bat,
208 3026 333 3086 pinnatum
355 3025 421 3089 Virg.
440 3033 455 3053 ‘¹
467 3027 520 3074 Vox
542 3043 636 3092 quoque
687 3025 739 3074 Cic.
759 3026 815 3091 qnia
838 3027 881 3074 illa
901 3027 1061 3092 inaugurata5
1080 3031 1184 3088 temptem

138 3114 181 3163 per
195 3097 261 3146 lucos
273 3099 344 3162 vulgo
359 3098 472 3148 exaudita
487 3100 584 3149 silentes
596 3101 637 3149 In·
685 3100 749 3148 enirn
760 3099 836 3148 omnis
845 3100 911 3148 locus
918 3100 1075 3164 inauguratus
1084 3113 1186 3152 etsane·

137 3172 223 3236 gens.”
255 3172 381 3221 Tibullus:
398 3174 503 3223 “Lucos
520 3174 635 3238 praecinu·
687 3180 734 3221 tus.
768 3174 807 3222 De
824 3172 868 3220 lrac
881 3188 938 3221 voce
954 3177 1071 3235 temptum,
1088 3192 1130 3239 pro
1146 3191 1187 3223 eu-

137 3245 183 3294 isse
195 3245 302 3308 lugam.’'
686 3245 730 3302 ria,
743 3247 797 3296 vide
815 3245 911 3294 doctiss.
921 3246 1022 3311 Rupert.
1034 3248 1068 3296 ad
1084 3249 1186 3304 livium,

172 3319 229 3367 794.
249 3319 339 3375 Litore,
352 3319 377 3367 id
394 3330 440 3375 est,
451 3321 516 3369 Deos
533 3321 637 3385 placare,
686 3321 707 3368 I.
719 3321 750 3370 vi.
767 3329 817 3369 not.
828 3322 871 3379 6.;
887 3329 970 3369 nostrie
989 3321 1049 3369 edit.
1064 3332 1122 3371 tom.
1132 3324 1150 3371 i.
1161 3340 1185 3387 p.

138 3391 249 3441 dicuntur
269 3403 294 3441 et
311 3392 426 3449 homines,
446 3404 471 3442 et
489 3394 591 3442 victimas
613 3403 638 3443 et
687 3396 728 3443 27.
760 3396 842 3442 Stricti
850 3395 969 3459 ⁷torrentur
980 3411 1031 3459 pro,
1040 3397 1186 3460 stringuntur

139 3480 203 3522 arae;
222 3465 275 3513 vide
288 3466 446 3514 Schwaraiurn
463 3466 493 3515 ad
511 3467 638 3533 Plin.pan.
687 3468 712 3516 iu
730 3469 831 3533 templo;
848 3484 903 3516 nam
921 3468 1021 3517 involuti
1039 3469 1103 3518 illati
1120 3481 1186 3519 erant

139 3552 192 3601 cap.
208 3538 248 3583 52.
276 3538 444 3586 Fibra-ertia.
469 3539 538 3602 l'irg.
557 3542 638 3588 “Nec
687 3542 712 3590 in
722 3542 826 3602 cnriam;
845 3543 901 3598 Dio,
914 3542 972 3590 xliv.
986 3544 1023 3590 16.

139 3620 243 3673 tempore
264 3609 348 3657 eodem
368 3610 483 3659 Tristibus
509 3622 550 3659 aut
577 3614 639 3662 extis
721 3617 777 3664 tot.
796 3617 905 3671 Condere,
924 3617 1051 3665 Cesaram.
1087 3619 1125 3667 De
1141 3620 1186 3665 Po·

139 3684 203 3732 fibrae
215 3698 327 3748 apparere
338 3685 467 3732 minaces.’'
490 3687 575 3748 Caput,
587 3687 639 3736 scil.
688 3694 739 3739 ride
749 3701 824 3752 arepto
834 3691 888 3739 vide
902 3691 1040 3747 Homerum,
1051 3691 1084 3739 Il.
1096 3698 1124 3742 Γ.
1133 3693 1187 3740 380.

139 3767 254 3813 extorum,
264 3757 328 3821 quod
338 3773 416 3806 ceram
428 3757 504 3805 cultro
514 3759 639 3808 victimarii
690 3763 777 3828 inferto
788 3767 884 3820 Atrida,
892 3765 1011 3820 Menelao,
1023 3781 1127 3829 quocum
1138 3782 1186 3814 cer·

138 3831 195 3880 mali
216 3829 301 3879 ominis
329 3839 387 3879 erat.
420 3830 510 3887 Livius,
533 3831 581 3883 viii.
603 3835 637 3882 9:
689 3841 763 3888 tabat.
795 3840 834 3888 De
846 3839 981 3887 AEaaavide
993 3839 1025 3888 11.
1038 3845 1067 3888 Ε.
1077 3842 1122 3888 311
1136 3857 1188 3905 sqq.

139 3913 154 3934 ¹*
168 3904 244 3954 Decio
266 3915 338 3969 caput
360 3905 473 3969 jecinoris
494 3922 509 3954 a
530 3906 639 3955 familiari

139 3987 206 4043 parte
228 3994 316 4028 cresum
338 3995 436 4043 aruspex
454 3977 540 4027 dicitur
559 3988 637 4028 osten·
721 3979 778 4026 009.
798 3978 881 4027 Cernat
902 3979 1015 4025 molimina
1036 3988 1106 4035 oeae,
1123 3979 1185 4041 ⁴oct]

139 4051 212 4107 disse,
223 4051 310 4115 alioqui
328 4061 450 4119 acceptam
468 4052 522 4100 Diis
536 4052 637 4102 hostiam
688 4050 832 4100 Gravissima
851 4051 1065 4100 immutabilitatem
1088 4052 1187 4101 satorum

139 4123 217 4170 esse.''
688 4133 763 4173 notat.
799 4126 885 4174 Rerum
913 4128 1039 4181 tabulario,
1067 4126 1143 4182 locus,
1164 4127 1189 4173 ‘ru
