2774 5004
163 312 207 377 98
459 307 499 372 P.
522 305 684 372 OVIDII
708 306 923 373 NASONIS

170 482 370 579 Affusique
388 504 466 554 suae
484 480 674 555 radicibus
692 481 835 554 arboris
854 481 1011 555 haerent.

172 599 250 684 Nil,
263 597 422 695 nisijam
433 595 582 683 faciem,
595 597 696 693 quod
708 620 782 670 non
794 595 1024 683 formamur,
1036 595 1206 683 habebas,
1247 660 1249 665 .

171 713 272 786 Cara
286 712 411 786 soror!
438 711 602 786 lacrimae
620 711 757 785 misero
775 711 824 785 dc
841 734 1000 808 corpore
1018 709 1131 784 factis
1247 708 1249 721 '

171 828 338 902 irrorent
355 826 473 915 foliis;
503 850 560 913 ac,
580 826 671 899 dum
688 827 791 912 licet,
811 850 952 923 oraque
970 837 1154 924 praestant

171 942 287 1016 Vocis
305 944 388 1028 iter,
407 943 502 1016 tales
521 941 682 1015 effundit
699 942 737 1014 in
755 965 842 1015 aera
860 953 1041 1038 questus;
1147 946 1207 1015 370

172 1068 196 1099 “
218 1060 259 1133 Si
278 1084 353 1156 qua
370 1059 464 1132 fides
482 1058 641 1144 miseris,
660 1058 732 1130 hoc
750 1080 810 1131 me
828 1081 896 1155 per
913 1056 1073 1131 numina
1084 1059 1168 1154 juro

173 1174 259 1249 Non
277 1175 458 1248 meruisse
476 1172 603 1260 nesas3
634 1173 755 1270 patior
772 1173 853 1246 sine
870 1170 1028 1245 crimine
1045 1196 1198 1270 poenam.

170 1289 345 1364 Viximus
364 1290 557 1362 innocuae:
587 1288 617 1360 si
636 1288 807 1374 mentior,
826 1288 931 1362 arida
947 1288 1120 1385 perdam,

171 1404 276 1489 Quas
291 1406 425 1492 habe0,
445 1405 608 1493 frondes,
628 1417 667 1479 et
685 1429 785 1478 caesa
802 1403 998 1478 securibus
1020 1427 1120 1479 urar.

173 1518 287 1594 Hunc
304 1531 430 1594 tamen
448 1520 629 1594 infantem
648 1519 825 1593 maternis
839 1519 981 1592 demite
999 1519 1128 1605 ramis,
1145 1520 1206 1591 375

173 1633 224 1708 Et
240 1636 329 1709 date
347 1637 495 1723 nutrici,
515 1648 717 1733 nostraque
735 1636 807 1708 sub
826 1636 958 1709 arbore
975 1658 1083 1732 saepe

173 1748 248 1824 Lac
266 1749 420 1825 facitote
438 1754 555 1839 bibat,
574 1763 779 1849 nostraque
798 1753 871 1825 sub
887 1751 1021 1824 arbore
1039 1750 1158 1824 ludet.

173 1864 377 1964 Quumque
394 1869 497 1967 ioqui
516 1871 666 1967 poterit,
681 1879 839 1943 matrem
857 1867 1010 1940 facitote
1029 1867 1177 1951 salutet,

174 1980 225 2054 Et
241 1982 358 2055 tristis
376 1984 497 2072 dicat3
527 1983 632 2058 Latet
650 1986 714 2057 boc
730 1985 795 2057 sub
807 1984 923 2082 stipite
939 1993 1067 2054 mater.

174 2096 319 2193 Stagna
335 2109 461 2173 tamen
476 2099 624 2189 timeat;
647 2123 717 2174 nec
733 2111 865 2198 carpat
877 2098 925 2172 ab
944 2099 1076 2171 arbore
1090 2096 1209 2179 flores;

174 2210 226 2285 Et
241 2213 395 2288 frutices
407 2227 544 2288 'omnes
563 2239 700 2313 corpus
718 2225 830 2314 putet
847 2238 931 2288 esse
943 2213 1126 2287 Dearum.
1146 2214 1205 2285 381

174 2325 272 2402 Care
289 2331 372 2404 vale
386 2332 546 2427 conjux;
578 2339 617 2404 et
635 2340 676 2403 tu
696 2354 885 2427 germana,
904 2338 1102 2428 paterque,

173 2440 267 2525 Quis
286 2444 409 2542 siqua
426 2455 485 2519 est
503 2445 637 2543 pietas
657 2446 706 2518 ab
725 2458 846 2519 acutae
863 2445 1017 2517 vulnere
1035 2444 1157 2532 falcis,

171 2556 205 2628 A
223 2559 370 2655 pecoris
389 2585 526 2644 morsu,
546 2559 696 2634 frondes
714 2560 907 2635 defendite
925 2571 1096 2634 nostras:
1146 2560 1210 2633 384

173 2672 225 2748 Et
243 2675 420 2773 quoniam
439 2674 529 2748 mihi
547 2674 603 2750 fas
621 2675 751 2749 advos
769 2675 987 2748 incumbere
1006 2698 1083 2749 non
1101 2686 1173 2762 est,

171 2888 201 2936 de
218 2889 296 2937 calere
312 2891 413 2955 corporis
430 2889 528 2939 humani
547 2891 628 2948 etiam,
646 2909 670 2940 x.
753 2891 811 2940 375.
836 2890 908 2938 Hune
927 2901 1000 2938 tumen
1019 2889 1145 2956 infantem,
1161 2888 1215 2952 etc]

172 2962 229 3009 281.
263 2962 321 3017 Suc,
340 2961 365 3010 in
386 2979 457 3026 quem
478 2979 521 3012 sua
541 2964 670 3028 conjuret
720 2965 757 3013 En
774 2965 878 3012 animum
895 2964 1041 3012 maternum!
1061 2963 1128 3012 Ante
1144 2963 1218 3013 omnis

172 3032 221 3081 filia
238 3048 359 3082 conversa.
393 3035 484 3098 Affue;
509 3034 563 3084 vide
584 3037 615 3084 ed
635 3037 668 3086 iii.
720 3037 750 3086 de
764 3037 831 3102 pueri
842 3036 983 3085 educatione
994 3036 1099 3085 sollicite
1112 3046 1159 3092 est,
1172 3039 1218 3102 ejm

173 3107 237 3164 437;
270 3120 407 3169 quenquam
434 3122 477 3155 nec
504 3107 577 3170 affici,
606 3110 669 3172 quod
719 3111 792 3159 saluti
810 3119 888 3165 cavet,
908 3125 1010 3174 eumque
1032 3109 1106 3158 etiam
1128 3119 1217 3159 mutere

171 3179 226 3227 Ms.
238 3177 317 3225 Palat.
328 3193 374 3225 sec.
386 3179 489 3243 prefert,
500 3179 669 3231 damnandum.
719 3185 808 3233 circum
830 3200 855 3232 se
881 3183 968 3231 babere
993 3181 1068 3247 cupit.
1104 3184 1217 3233 Mami

173 3251 252 3300 Etiam
271 3252 328 3299 AEn.
340 3268 363 3298 v.
381 3253 437 3301 852.
448 3253 529 3318 affinis
545 3263 569 3302 et
587 3255 670 3304 herens
720 3260 789 3305 ramis
797 3255 916 3321 ingeniose
925 3256 991 3306 deeo
1000 3257 1114 3323 temporis
1124 3267 1219 3324 punctu,

171 3325 360 3389 conjunguntur:
379 3327 461 3376 herere
472 3328 568 3377 solenne
579 3327 610 3376 de
621 3345 670 3377 em·
720 3332 761 3379 ubi
771 3348 800 3379 ex
811 3340 877 3396 parte
885 3340 1003 3387 mntem
1014 3339 1084 3395 perte
1092 3332 1144 3396 jam
1154 3334 1218 3381 arbor

172 3399 289 3464 plexibus.
720 3414 778 3454 erat„
798 3405 845 3452 Sed
858 3403 919 3460 vide.
930 3419 1002 3468 quem
1010 3404 1119 3470 jucunde
1129 3415 1154 3454 et
1165 3415 1217 3470 epte

204 3473 260 3522 363.
288 3473 373 3523 Factus
394 3485 528 3526 constanter
550 3479 670 3528 derebus
720 3479 750 3527 ad
761 3477 989 3528 commiserationem
998 3478 1135 3527 [emendam
1146 3495 1218 3529 mores

172 3545 283 3606 mutetis5
304 3547 320 3594 i.
337 3549 393 3597 566.
407 3549 484 3612 factis
502 3555 566 3599 modo
584 3556 669 3612 samm·
720 3553 822 3618 pueriles
830 3551 936 3619 expressi
945 3553 1001 3601 sint.

171 3618 196 3666 ii.
214 3620 270 3668 435.
279 3621 351 3684 sacta
367 3640 438 3681 urm
466 3641 514 3673 ver.
531 3627 589 3675 539.
599 3628 670 3691 saeta
753 3629 809 3675 380.
835 3628 923 3693 Stngrm
944 3637 1019 3675 tamen
1041 3630 1140 3687 timeum
1168 3643 1218 3677 meo

172 3694 278 3741 volucris.
318 3694 380 3744 Vocis
398 3700 443 3745 iter
463 3699 542 3756 etiem,
559 3700 585 3749 ii.
605 3703 670 3763 8283
720 3701 822 3748 monitus
833 3701 951 3766 exemplo.

170 3781 200 3814 ex
212 3765 330 3815 Lucretio.
751 3776 808 3823 383.
837 3775 1059 3831 Vulnere-nurum¹
1085 3773 1147 3822 bene
1168 3773 1216 3821 bec

203 3842 260 3889 371.
278 3842 328 3890 Hoc
339 3843 411 3908 nefas,
423 3844 483 3893 banc
494 3847 606 3911 injustam
617 3864 669 3913 poe-
720 3850 844 3904 vocabula,
865 3859 977 3913 tunquam
999 3848 1098 3913 Dryope
1123 3860 1216 3896 sensum

170 3931 234 3965 nam.
267 3915 292 3962 Si
308 3920 405 3965 mentior
415 3919 511 3968 solenne
529 3920 553 3968 in
571 3921 670 3974 formula
719 3922 756 3970 sit.
791 3923 858 3978 Falx,
869 3923 967 3971 securis.

166 3989 329 4056 jurisjurandi.
362 3991 449 4041 Gravis
465 4003 489 4042 et
505 4003 561 4059 epta
577 3995 668 4045 mulieri
751 3998 807 4044 335.
826 3997 871 4044 Fas
885 4005 925 4051 ert.
937 3994 1048 4061 possibile
1057 4003 1109 4044 est:
1129 3994 1182 4043 vide
1193 3992 1215 4041 ii.

170 4064 195 4113 in
206 4065 312 4113 arborem
324 4065 454 4115 transeunti
465 4067 602 4133 imprecatio
613 4085 667 4134 quse
717 4071 756 4118 57.
789 4073 826 4118 Ad
846 4088 882 4118 vor
902 4070 1037 4118 incumbere
1059 4068 1173 4134 singulari
1192 4074 1215 4113 et

171 4139 286 4206 sequitur.
716 4144 809 4207 syntaxi
828 4153 852 4192 et
870 4143 1042 4208 significatione
1060 4158 1112 4208 pru,
1129 4141 1159 4190 ad
1176 4155 1216 4188 ros
