2774 5004
246 327 712 395 umnuoufflosuou
738 330 833 396 LlB.·
851 331 959 397 Xlll.
1059 333 1126 399 318

64 497 204 574 Pelias
220 503 317 575 esse'
324 506 451 599 potest
468 503 683 576 imbellibus
701 504 811 577 hasta
827 504 990 580 lacertis.

41 691 45 696 ,
65 613 158 690 Nec
176 616 350 715 clypeus,
368 617 465 690 vasti
481 618 635 692 eaelatus
653 619 816 714 imagine
833 621 976 708 mundi,
1049 625 1120 695 110

66 730 289 805 Conveniet
304 730 458 817 timidae,
473 744 647 829 nataque
665 736 713 808 ad
730 734 828 808 furta
843 736 1016 810 sinistrae.
1116 768 1119 773 ·

67 844 368 919 Debilituturum
384 846 477 943 quid
493 858 532 920 te
549 850 661 944 petie,
680 849 861 946 improbe,
880 851 1041 923 munus?

68 957 188 1042 Quod
205 960 275 1034 tibi
292 960 324 1033 si
341 961 472 1059 populi
488 961 684 1036 donaverit
701 987 801 1036 error
818 963 966 1050 Achivi,

69 1073 154 1146 Cur
171 1073 358 1171 spolieris,
377 1075 461 1161 erit,
479 1099 567 1162 non,
586 1100 654 1150 cur
671 1079 849 1152 metuaris
867 1081 914 1152 ab
932 1079 1061 1154 hoste:

68 1186 123 1263 Et
136 1186 242 1284 fuga,
256 1211 333 1286 qua
349 1189 430 1263 sola
442 1200 613 1278 cunctos,
629 1191 878 1282 timidissime,
893 1193 1024 1278 vineis,
1046 1197 1115 1267 115

67 1301 197 1377 Tarda
213 1301 341 1377 futura
356 1303 424 1378 tibi
442 1316 513 1392 es't,
532 1307 741 1401 gestamina
759 1318 866 1381 tanta
881 1308 1056 1382 trahenti.

68 1417 196 1505 Adde,
214 1418 319 1516 quod
336 1419 410 1494 iste
426 1429 527 1508 tuus,
548 1433 626 1496 tarn
644 1446 726 1496 raro
742 1424 872 1521 praelia
887 1446 1035 1521 passus,
1053 1462 1057 1471 ·

69 1531 225 1629 Integer
241 1544 302 1609 est
318 1536 500 1634 clypeus:
529 1549 669 1624 nostro,
688 1538 753 1634 qui
771 1539 846 1611 tela
862 1537 1016 1612 ferendo
1103 1556 1113 1567 ‘

71 1646 182 1721 Mille
200 1659 307 1747 patet
325 1650 460 1748 plagis,
479 1676 597 1727 novus
617 1666 676 1727 est
692 1677 888 1728 successor
898 1652 1114 1727 habendus.

70 1761 263 1860 Denique,
273 1765 366 1861 quid
376 1766 500 1840 verbis
511 1792 606 1865 opus
617 1769 700 1842 est?
719 1779 934 1866 spectemur
943 1765 1111 1864 agendo:

68 1877 188 1952 Arma
203 1878 272 1951 viri
289 1877 395 1953 fortis
412 1881 557 1955 medios
575 1883 772 1956 mittantur
788 1884 827 1956 in
844 1885 993 1970 hostes;
1043 1883 1109 1952 121

67 1991 168 2067 Inde
179 1993 315 2089 anete
331 1995 424 2092 peti,
443 2007 482 2069 et
499 1995 721 2071 referentem
738 1997 1028 2073 ornate-relatis.

118 2105 287 2185 Finierat
303 2108 508 2185 Telamone
525 2122 641 2198 satus,
660 2112 838 2210 vulgique
856 2124 1030 2188 secutum

99 2373 161 2423 118.
177 2371 444 2438 medanam
455 2374 568 2440 pondere,
617 2375 690 2433 ditur,
706 2386 742 2434 ut,
755 2385 886 2440 antequam
899 2377 972 2425 verba
986 2376 1065 2425 lacem
1077 2376 1115 2427 in·

66 2447 132 2509 qud
144 2444 224 2495 tardat
234 2445 414 2497 iuoedauteruet
423 2447 568 2513 lugientem
618 2448 714 2514 ciperet,
723 2457 796 2497 staret
806 2446 912 2496 oculisiu
924 2457 1010 2496 terram
1020 2445 1113 2503 deliria,

66 2516 194 2582 virgilius,
213 2519 301 2584 Georg.
321 2519 355 2569 ir.
377 2521 419 2569 94.
437 2519 469 2569 de
487 2521 567 2578 obeso,
617 2519 873 2586 immotoqueaceptro.
892 2520 1006 2576 Caunum,
1017 2518 1113 2567 ourlroe

66 2591 141 2640 lata·
151 2592 461 2658 murmurantem.
479 2594 568 2644 Prelio
617 2593 653 2644 ita
662 2594 888 2650 fluxeritHomerua,
896 2591 975 2642 reddit
985 2591 1114 2649 Quintilia-

63 2681 161 2728 ραις
177 2665 487 2733 quidamwlaara'paraua3
503 2683 567 2734 sape
618 2684 671 2725 uua,
687 2668 749 2716 lunt.
762 2667 809 2716 XI.
825 2667 861 2715 iii.
881 2667 942 2717 158:
964 2664 1053 2715 “Mire
1070 2679 1113 2715 au·

65 2739 168 2787 ulnera
186 2741 253 2801 pati:
278 2739 321 2789 aad
334 2741 487 2789 Burmannus
503 2749 567 2808 reeta
616 2741 720 2792 diturum
727 2740 813 2791 dicturi
820 2756 877 2790 cura
886 2739 1000 2794 delectat.
1009 2748 1034 2788 et
1037 2738 1113 2804 judea

65 2812 164 2877 pretet
182 2814 265 2875 prelia
284 2812 363 2877 (quod
386 2812 473 2863 habant
496 2812 568 2879 Regii
616 2815 702 2881 aripae
713 2813 842 2880 componit.
874 2811 1047 2878 Hocpracipit
1061 2811 1112 2861 llo·

65 2885 188 2946 audio-0
206 2885 263 2951 quia
282 2886 373 2936 airam
393 2886 490 2936 vulnera
507 2894 569 2937 eraut
617 2905 695 2940 merua
709 2889 788 2938 Ulixis
801 2887 919 2953 exemplo,
932 2902 1005 2952 quem
1020 2886 1113 2943 aretina

64 2959 266 3025 panadypaua.
277 2959 359 3024 aliqua
373 2959 568 3017 ummhabmet,
616 2961 692 3013 sordis
712 2961 737 3011 in
757 2971 843 3011 terram
860 2959 1113 3025 amniumque

65 3047 112 3083 nae
122 3042 186 3083 nat
195 3032 295 3098 integer.
616 3047 718 3102 sceptro,
734 3034 871 3101 prinsquam
887 3033 954 3083 illam
970 3033 1112 3098 eloquentia

100 3107 158 3156 121.
174 3107 247 3155 Arna
255 3107 455 3172 nirisurtir,ete.]
467 3109 568 3165 Seneca,
617 3109 744 3175 procellam
750 3107 983 3165 murmurium
997 3108 1030 3157 Ur
1040 3108 1113 3172 igitur

64 3179 182 3230 &atron
195 3180 221 3229 ii.
239 3181 279 3231 11.
297 3181 329 3230 de
344 3181 446 3231 Ouidio:
471 3187 488 3209 ‘¹
496 3181 566 3231 Adeo
615 3183 680 3248 Ajax
707 3194 774 3231 torvo
796 3182 863 3231 vultu
887 3180 1052 3244 indignitatem
1079 3181 1112 3231 rai

65 3263 149 3304 autem
162 3253 269 3304 studione
285 3254 566 3311 hemerammum
614 3256 775 3322 profitebatur,
801 3254 836 3303 aio
864 3254 963 3318 Ulyaaea
989 3252 1111 3302 modestia

64 3329 156 3378 multa·
168 3329 222 3394 eju
234 3328 406 3379 maundaria
418 3344 499 3379 veram
510 3344 566 3379 anua
614 3326 814 3393 gratiauudituria
822 3342 847 3375 ae
857 3325 1048 3375 oommeudabat.
1058 3325 1112 3387 ¹Er·

63 3400 222 3452 tranatulerit.
248 3401 564 3468 qunnorumjudiciodia·
613 3410 711 3463 portato,
727 3400 785 3464 quia
801 3411 858 3448 nora
877 3397 987 3448 omuibua
1007 3399 1060 3465 ejus
1077 3398 1113 3450 ia·

64 3475 215 3525 eratlatro:
232 3475 565 3533 Mittammarmainlroatea,
615 3473 712 3523 cunda.
730 3472 810 3536 Neque
818 3474 942 3528 marmio.
960 3471 1112 3523 Burmannus

64 3559 91 3599 et
106 3560 226 3615 petamus.
247 3549 325 3599 'Naro
339 3549 414 3599 dixit:
433 3550 508 3598 Arma
521 3546 564 3597 viri
615 3544 909 3612 putauhacal'ropertiu
918 3543 939 3592 1.
946 3542 1112 3611 ii.29.aump·

64 3620 144 3678 (etia,
161 3621 228 3671 uto.”¹
256 3622 340 3672 S'unila
356 3621 415 3687 quid
431 3623 463 3679 Q·
480 3620 565 3672 calab.
616 3629 655 3670 ta:
676 3636 718 3669 m
733 3620 914 3682 dairjncnndn
926 3622 1008 3682 gratu
1023 3621 1111 3677 verbm

65 3695 273 3760 218aqq.lrabet.
615 3692 697 3758 itaque
718 3701 744 3742 et
763 3693 798 3740 ibi
824 3690 893 3741 malit
906 3691 1036 3756 socundus
1062 3691 1113 3741 aina

101 3769 160 3818 12³.
177 3767 285 3818 Finierat
297 3768 432 3827 orationem,
443 3783 566 3834 perorare·
616 3783 698 3816 cauaa.
729 3767 797 3816 Dicit
807 3773 887 3816 autem
899 3765 998 3831 Ulyaaea
1008 3765 1113 3814 oratione

65 3853 106 3894 rat
119 3857 308 3893 cauum-auam.
341 3844 454 3892 Mamur
466 3851 492 3892 et
508 3841 567 3891 alian
616 3839 724 3905 uquenti
731 3839 870 3905 oomposite.
877 3839 1006 3894 moderata,
1016 3835 1112 3893 callide.

58 3917 184 3982 finum.
200 3931 277 3966 aarum
291 3917 418 3967 multorum
433 3914 567 3981 promiscue
617 3923 643 3963 et
656 3915 697 3965 ubi
710 3913 792 3979 Ajacia
806 3913 920 3964 nonnulla
936 3922 962 3962 et
974 3910 1073 3960 cumina
1085 3918 1111 3958 at

65 3989 225 4054 loquentium.
250 3991 340 4046 Annuit,
350 3988 452 4039 annexit
468 3989 500 4038 ad
516 4005 567 4038 eoa.
616 4001 757 4053 argumenta
773 3990 850 4046 diluit,
867 4004 939 4054 opera
955 4001 999 4035 aua
1014 3982 1111 4033 mirifica

65 4064 425 4115 Ocalea-mmailomar.
438 4062 506 4114 Itu.
518 4064 565 4112 217
616 4074 717 4113 enarrata

63 4151 121 4202 ης.
138 4136 180 4186 ubi
194 4135 240 4186 boe
253 4139 324 4188 moria
335 4136 416 4202 Ulyaai
433 4136 504 4188 laima
519 4146 567 4185 tra·

101 4208 236 4260 VOLIV.
715 4210 753 4257 Sa
