2774 5004
295 305 340 374 aa
580 264 620 368 'a
644 300 808 369 0v1u11
832 300 1048 368 uasoma

297 479 473 566 Subdita,
491 478 660 576 dumque
677 477 796 551 avidis
813 476 1094 576 comprenditur
1112 475 1268 572 ignibus
1283 498 1339 573 ag·

296 593 524 691 Congeriem
543 595 646 667 silvae
665 593 845 667 Nemeaeo
862 591 1003 667 vellere
1019 614 1209 666 summam
1252 594 1341 688 [ger

296 711 455 798 Stemis,
475 722 515 784 et
532 711 709 809 imposita
725 711 841 783 clavae
859 709 1005 783 cervice
1023 709 1229 795 recumbis,
1275 712 1342 782 236

296 826 409 902 Haud
428 828 501 902 alio
518 829 637 914 vultu,
657 850 772 925 quam
791 827 823 900 si
840 826 997 900 conviva
1008 826 1171 922 jaceres,

295 943 400 1018 luter
418 945 532 1042 plena
548 944 641 1018 meri
659 944 855 1018 redimitus
872 944 1010 1042 pocula
1024 941 1147 1016 sertis.
1254 939 1343 1036 [bat

345 1061 413 1135 IV.
428 1059 592 1159 Jamque
602 1063 744 1150 valens,
757 1073 795 1135 et
805 1061 843 1133 in
858 1083 969 1134 omne
981 1060 1080 1135 latus
1088 1060 1230 1133 diffusa
1241 1082 1343 1132 sona·

297 1178 536 1275 Securosque
553 1189 671 1264 artua,
689 1187 1066 1274 contemptoremque
1085 1177 1246 1273 petebat
1276 1178 1344 1247 240

298 1293 468 1368 Flamma
484 1317 618 1367 suum:
646 1294 806 1368 timuere
825 1293 888 1365 Dii
907 1317 975 1391 pro
992 1294 1142 1366 vindice
1159 1304 1286 1367 terrae.

295 1408 400 1494 Quos
418 1410 482 1497 ita,
502 1410 621 1483 sensit
637 1411 750 1497 enim,
771 1410 858 1483 laeto
878 1410 1078 1483 Saturnius
1096 1432 1162 1482 ore

294 1524 445 1623 Jupiter
463 1526 684 1622 alloquitur:
714 1536 738 1565 “
757 1526 897 1600 Nostra
915 1538 975 1601 est
993 1528 1104 1600 timor
1122 1525 1197 1598 iste
1214 1525 1339 1621 volup·

296 1641 331 1714 Ο
350 1643 484 1740 Superi
500 1670 507 1729 ;
530 1655 687 1741 totoque
698 1645 819 1718 libens
833 1643 923 1715 mihi
937 1653 1087 1741 pectore
1101 1652 1240 1737 grator,
1258 1642 1339 1735 [tea

294 1756 590 1840 Quodmemoris
600 1760 729 1856 populi
739 1759 846 1832 dicor
856 1769 1054 1854 rectorque
1066 1758 1339 1855 paterque,245

296 1870 349 1945 Et
365 1897 451 1947 mea
468 1875 669 1971 progenies
686 1888 812 1950 vestro
830 1899 982 1972 qnoque
1000 1887 1083 1948 tuta
1099 1873 1226 1947 favore
1244 1883 1315 1946 est.

296 1987 396 2061 Nam
415 2014 632 2086 quanquam
646 1992 762 2089 ipsius
780 1992 891 2064 datur
905 1992 974 2063 hoc
990 1989 1220 2062 immanibus
1236 1988 1337 2073 actia,

295 2103 455 2202 Obligor
472 2103 554 2203 ipse
572 2116 719 2182 tamen:
749 2108 816 2181 sed
835 2107 949 2194 enim,
969 2133 1016 2181 ue
1035 2119 1193 2205 pectora
1211 2130 1308 2179 vano

327 2304 795 2373 235.Nemeoeoaetlere;peileNemeaei
846 2310 939 2375 Regius
966 2317 1043 2357 noster
1070 2308 1101 2362 A,
1122 2308 1246 2354 multantor:
1273 2303 1340 2353 male.

294 2377 376 2427 leonis.
390 2380 480 2451 Ctnnoe5
491 2381 569 2438 clava,
580 2383 795 2449 llereulieinaigne,
846 2383 960 2448 fungitur
977 2381 1054 2430 officio
1070 2382 1164 2446 Jupiter
1180 2391 1207 2428 et
1225 2380 1288 2428 hunc
1304 2392 1340 2444 pm

294 2464 322 2503 ιιι
332 2454 399 2503 Jovin
412 2455 509 2514 fulmen,
523 2456 628 2524 Neptuni
640 2458 737 2514 tridens,
749 2469 795 2507 eto.
844 2457 894 2505 filio
906 2459 1008 2504 Deorum
1021 2455 1127 2502 timorem
1139 2453 1183 2502 sibi
1195 2460 1290 2517 gratnm
1304 2466 1339 2500 ac·

295 2528 433 2578 Recumbere
449 2530 473 2578 in
491 2532 561 2579 armis
580 2532 688 2580 colebant
705 2532 794 2581 heroes.
844 2531 924 2579 cidere
943 2530 1076 2584 confitetur,
1095 2535 1123 2575 nt
1140 2527 1237 2591 rignum
1254 2525 1340 2575 scilieet

292 2602 389 2667 Dignus
405 2605 510 2654 Hercule
527 2605 613 2654 exitus.
630 2608 730 2662 Seneca,
742 2606 767 2654 d.
778 2607 793 2655 l.
844 2603 1014 2654 benevolentia
1028 2603 1053 2652 iu
1066 2603 1143 2659 illum,
1154 2611 1179 2651 et
1189 2600 1215 2649 in
1227 2616 1255 2649 ee
1265 2609 1292 2649 ut
1303 2615 1341 2666 pa·

291 2692 344 2726 rer.
357 2678 431 2727 160³:
456 2680 514 2734 Qun
527 2683 559 2728 rie
573 2681 716 2743 triumphant
730 2683 795 2728 letae
844 2687 903 2727 trem
913 2678 986 2726 illins.

293 2755 320 2800 ιἰι
335 2770 408 2801 curru
422 2757 484 2801 atetit
499 2754 595 2802 Victor!
612 2755 678 2803 Mors
693 2753 756 2802 euim
772 2755 794 2803 ei

294 2841 380 2875 munus
391 2839 442 2876 erat
451 2846 500 2877 ver.
514 2831 567 2877 181.

326 2903 465 2950 239-272.
475 2904 584 2951 Herculia
593 2903 730 2964 Apotheosis.
748 2903 792 2949 Vu-

292 2976 343 3022 lere
362 2986 385 3022 et
405 2979 558 3024 correntesrere
578 2977 675 3024 flamma
696 2976 792 3029 dieitur.

294 3063 367 3112 qunm
383 3048 547 3096 alimentorum
562 3050 620 3097 satia
635 3051 707 3098 habet
719 3061 742 3098 et
753 3066 793 3099 nc·

289 3121 361 3185 cipit.
382 3121 534 3170 Excellenter
545 3131 624 3170 autem
637 3122 741 3170 animum
752 3140 792 3172 ex-

292 3194 451 3258 pressitque
473 3195 589 3244 Hercules
610 3205 708 3244 mortem
731 3197 793 3252 tulit,

289 3283 381 3315 cucuron
397 3280 471 3324 ortua,
485 3280 699 3333 contemptoremque
717 3286 792 3327 munt,

293 3355 379 3405 cerpus
390 3341 502 3390 llerculie
514 3359 560 3391 non
575 3343 638 3392 anxii
653 3353 678 3392 et
688 3352 793 3393 contern-

295 3415 372 3462 nentia
384 3415 514 3464 flammam.
533 3419 598 3466 Bene
609 3417 794 3483 etiam,jlnmma

291 3491 382 3550 petebat
392 3498 564 3551 contemptorem
575 3508 649 3540 mum.

326 3563 382 3610 241.
404 3564 491 3613 Vindex
508 3576 582 3622 terre,
596 3567 753 3629 (ἀλεξίκακος
769 3578 794 3617 et

292 3638 377 3700 σωτὴρ
388 3637 480 3686 Grecis
490 3639 576 3687 dicitnr
587 3641 715 3703 llercules)
727 3658 793 3707 egre·

292 3709 346 3774 gius
357 3710 447 3768 titulus,
459 3727 528 3776 quern
540 3724 657 3762 memerat
669 3716 792 3773 Herculea,

292 3784 350 3849 quia
361 3783 495 3834 horninibus
505 3787 584 3852 impiis
595 3788 696 3853 ferisque
707 3789 790 3839 imma-

289 3858 362 3906 nibus
376 3859 537 3909 interimendia
550 3861 650 3910 salutem
665 3874 689 3911 et
703 3864 791 3912 securi-

291 3942 366 3983 tatem
377 3933 475 3983 dederat
486 3936 559 3983 terris.
578 3938 675 4000 Magna
687 3937 708 3986 ei
720 3938 792 3986 etiam

289 4007 358 4057 laudi
368 4015 413 4064 eat,
426 4008 489 4074 maed
501 4008 545 4074 ipsi
557 4010 600 4058 Dii
611 4027 652 4075 pro
667 4027 695 4060 eo
708 4012 791 4060 timue-

292 4092 354 4133 mni.

325 4159 382 4207 2⁴³.
401 4156 485 4208 Nema
497 4168 531 4207 ιιι
540 4160 607 4207 ιιιιιοι
617 4161 658 4208 ine
672 4161 791 4223 aelmon

877 2754 933 2800 245.
952 2751 1063 2813 Populus,
1081 2758 1159 2798 emtus
1181 2748 1297 2804 Deorum,
1316 2746 1341 2795 ti·

844 2840 1076 2873 moreauomemorem
1087 2839 1112 2871 se
1120 2822 1264 2871 ostendebat
1272 2823 1340 2870 bene

844 2889 949 2938 liciorum
961 2891 991 2937 ab
1001 2888 1104 2936 Hercule
1113 2888 1249 2934 horninibus
1255 2885 1341 2951 praesti·

842 2972 928 3012 torum.
947 2963 1008 3010 Tuto
1014 2962 1107 3023 theom
1118 2960 1240 3023 Virgilius,
1249 2957 1342 3009 AEneid.

843 3054 867 3087 ι.
878 3039 935 3086 343.
948 3038 1119 3099 tutatur-secor
1131 3035 1273 3098 Euryalum.

876 3121 934 3168 247.
955 3122 1035 3168 Datur
1051 3121 1106 3178 hoe,-
1124 3119 1197 3183 vulgo
1216 3119 1255 3183 (et
1273 3116 1341 3167 nostri

844 3193 929 3258 Regii)
950 3196 1011 3242 doris
1032 3195 1080 3243 troc.
1118 3193 1199 3247 Porro,
1220 3190 1343 3240 medicem

843 3284 905 3316 unus
914 3277 939 3316 et
947 3268 1067 3316 [midensis
1074 3268 1202 3330 insignibus
1208 3267 1274 3320 retia
1282 3262 1342 3328 quod

846 3343 996 3391 Burmannus
1017 3341 1112 3391 delendi
1135 3356 1203 3406 posse
1224 3348 1294 3405 putat
1314 3353 1341 3405 ea

845 3420 944 3469 Heroid.
956 3418 989 3467 iii.
1003 3420 1058 3466 121.
1094 3417 1203 3465 Alterum
1216 3427 1253 3464 eat
1264 3414 1341 3463 effica-

845 3493 904 3542 cius.
921 3493 1005 3541 Horat.
1017 3492 1042 3540 ii.
1049 3492 1094 3556 Ep.
1103 3491 1120 3539 i.
1130 3492 1154 3538 6.
1162 3487 1342 3555 iugentiofnem

842 3568 941 3623 Bacchi,
962 3564 1070 3620 Romuli,
1089 3574 1135 3613 etc.
1169 3561 1251 3610 Nostri
1273 3560 1341 3625 Regu

841 3644 986 3690 immanibus.
1012 3640 1063 3687 Hoc
1073 3642 1144 3687 datur
1154 3641 1203 3699 ῄιιι
1212 3640 1279 3692 aetia
1290 3635 1340 3683 hec

842 3716 979 3765 sollicitudo
997 3715 1070 3763 oritur
1089 3723 1182 3779 propter
1200 3712 1253 3776 ejus
1273 3720 1339 3759 acta:

842 3792 958 3845 immania,
974 3805 1028 3854 quae
1046 3789 1118 3851 vulgo
1137 3786 1256 3851 stupenda
1273 3797 1340 3833 voce·

841 3879 901 3919 rnna,
910 3858 1246 3913 actainauditaelortitudinis.
1264 3857 1340 3906 Etiam

840 3935 912 3987 Triat.
931 3939 957 3986 ii.
971 3940 1028 3986 335.
1044 3938 1153 3986 immunia
1172 3935 1267 3981 Cetaria
1282 3941 1341 3980 oeta.

842 4013 923 4062 Catal.
943 4010 1008 4059 Pith.
1022 4027 1045 4074 p.
1057 4011 1097 4057 66.
1115 4010 1220 4073 ingentio
1238 4005 1342 4054 canaitis

841 4098 903 4135 oeta.
938 4084 1248 4135 Occurritetiamimmnia
1257 4082 1340 4148 glorio,

841 4161 1059 4210 immanitatem-io.
