2774 5004
468 281 937 351 METAMORPHOSEON
960 283 1049 350 LIB.
1066 283 1150 350 XV.
1265 285 1333 352 459

278 455 520 532 Credulitate
537 459 668 557 patris,
688 457 880 531 sceleratae
898 456 1028 530 fraude
1045 479 1215 532 novercoe

254 636 257 641 .
279 571 522 648 Occubuisse
540 575 644 649 ueci:
674 574 869 660 mirabere,
888 573 1028 669 vixque
1048 573 1229 670 probabo.

279 689 362 763 Sed
379 701 505 764 tumen
525 692 589 766 ille
602 717 672 789 ego
691 716 797 766 sum:
818 716 879 766 me
897 690 1126 789 Pasiphaeia
1141 686 1331 787 quondam

276 803 485 881 Tentatum
501 806 639 881 frustra
656 808 818 906 patrium
836 808 1041 882 temerasse
1060 805 1197 892 cubile,
1258 807 1327 878 501

279 915 394 1001 Quod
410 921 541 1007 voluit,
559 921 670 999 finxit
686 922 861 1008 voluisse,
881 935 920 995 et
937 920 1091 993 crimine
1108 942 1230 1006 versu,

280 1032 468 1108 Iudiciine
484 1046 588 1110 metu
607 1036 739 1133 magiS,
758 1035 949 1110 offensane
968 1034 1140 1132 repulsae,

281 1146 439 1245 Arguit:
468 1150 773 1248 immeritumque
792 1161 899 1250 pater
916 1148 1074 1248 projecit
1091 1149 1139 1222 ab
1157 1148 1263 1245 urbe,

280 1262 500 1363 Hostilique
518 1277 633 1363 caput
650 1290 761 1365 prece
778 1267 989 1341 detestatur
1006 1263 1143 1339 euntis.
1254 1267 1328 1338 505

282 1377 477 1454 Pittheam
494 1379 653 1479 profugo
671 1405 781 1455 curru
800 1380 981 1455 Troezeua
998 1379 1194 1480 petebam3

278 1604 524 1671 1u1.1nr.pag.9³1
538 1623 558 1656 s.
582 1608 779 1659 l'uitArieiorum
829 1611 932 1658 excedere
941 1609 1022 1670 justit.
1056 1602 1213 1654 lndictumei
1230 1609 1276 1659 est,
1294 1599 1329 1662 dre

279 1677 411 1727 domestica
422 1679 519 1738 iabuln;
537 1682 642 1731 Pausun.
650 1683 674 1731 ii.
682 1685 706 1732 9.
727 1683 778 1731 Ves-
829 1683 873 1732 οὐκ
884 1681 916 1731 ir'
929 1681 956 1730 1ν
969 1682 1002 1746 γῇ
1014 1678 1069 1746 τῇδ’
1079 1676 1233 1744 ἀναστρέψοι
1247 1674 1329 1739 πόδα;

280 1762 409 1814 traaputa,
417 1757 514 1818 contigit
522 1771 596 1804 aures.
613 1755 740 1821 Eleganter
749 1757 780 1806 de
829 1757 913 1822 Eurip.
929 1771 977 1804 rer.
999 1755 1076 1813 1176,
1093 1763 1117 1803 et
1134 1769 1183 1801 rer.
1199 1753 1259 1801 1193.
1276 1750 1328 1816 ipa

279 1827 346 1874 ieme
365 1825 474 1891 loquens,
498 1838 582 1876 uestras
602 1829 679 1894 inquit
700 1832 779 1896 plum·
828 1831 942 1886 Theseus,
959 1830 1032 1884 ἐξελῶ
1046 1838 1088 1892 σφι
1104 1825 1179 1887 τῆσδε
1192 1829 1249 1891 γῆς·
1267 1825 1328 1874 913.

279 1896 349 1947 liter:
367 1899 453 1948 deinde
465 1899 556 1950 addens
567 1901 716 1960 miraculum,
731 1903 778 1952 siu·
831 1901 908 1967 ἔξερῤε
919 1900 1074 1968 γαίαςτῆσδι
1083 1900 1142 1949 ὅσον
1152 1899 1229 1964 τάχος
1235 1897 1326 1964 φυγάς.

278 1972 392 2036 gulsriter
411 1976 532 2030 miratore,
553 1983 675 2039 tunquam
697 1976 780 2026 notitia
830 1976 916 2025 Hostili
926 1992 991 2038 prece
997 1993 1005 2032 ;
1023 1973 1192 2040 imprecatione
1202 1972 1264 2021 hosti
1272 1986 1328 2022 eun·

279 2046 409 2103 edomues,
419 2047 560 2098 miraculum
570 2065 625 2099 vero
636 2050 738 2101 maxime
749 2051 779 2100 sd
830 2049 947 2106 veniente,
968 2065 1015 2098 non
1036 2047 1112 2114 petri:
1139 2047 1245 2096 Theseus
1264 2045 1330 2095 eninr

279 2119 390 2184 Fgeriem
403 2129 505 2185 spectet.
541 2121 685 2172 credulitate
699 2129 780 2188 patris,
830 2122 969 2189 Neptunum
990 2133 1081 2188 patrem
1103 2131 1215 2188 precatus
1238 2128 1283 2178 est,
1301 2129 1330 2170 ut

279 2193 304 2241 id
315 2203 353 2242 est
362 2194 459 2251 Thesei,
471 2195 512 2260 qui
522 2195 619 2245 nimium
629 2197 698 2247 lucile
705 2199 780 2248 credi·
829 2197 975 2263 Hippolytus
986 2197 1049 2246 filius
1059 2196 1238 2261 discerperetur.

280 2266 315 2315 dit
324 2267 641 2334 Phaedraeusuriprivignum
651 2272 780 2321 accusanti.
862 2273 919 2320 506.
939 2272 1064 2325 Pittheam,
1086 2270 1125 2318 ubi
1148 2269 1258 2317 Pittheus
1275 2281 1329 2331 reg·

312 2343 370 2390 500.
396 2342 543 2403 Pasiphaeia,
565 2344 668 2393 Phaedre
688 2347 781 2394 Minois
830 2344 910 2398 nebst,
927 2342 989 2408 apud
1007 2358 1078 2407 quem
1095 2341 1210 2390 educatus
1227 2340 1328 2406 Hyppo·

280 2414 779 2485 etPesipbeisfilie,quam,mortunHip-
829 2415 902 2482 lytus.
935 2418 1023 2466 Confer
1039 2431 1094 2465 curn
1109 2414 1264 2479 sequentibus
1277 2413 1327 2463 Bu·

279 2487 506 2554 polytu‚conjngem
521 2489 711 2540 duxit'lbescns.
743 2493 780 2541 Eu
829 2489 1087 2556 ripidem,ver.1102
1103 2503 1158 2551 sqq.
1176 2485 1217 2536 ubi
1230 2484 1328 2535 nuntius

280 2561 370 2609 exersit
379 2560 404 2609 in
415 2577 517 2610 umorem
526 2563 658 2629 Hippolyti,
666 2574 691 2613 et
701 2566 779 2614 studio
829 2563 880 2612 bec
897 2571 984 2613 nsrret.
1016 2561 1055 2611 Ibi
1071 2560 1215 2627 Hippolytus
1230 2558 1270 2608 ris
1285 2574 1328 2609 re·

280 2634 383 2684 tenendi
404 2644 428 2684 et
454 2635 589 2700 virginitate
611 2637 716 2688 Dionem
737 2655 777 2688 co·
829 2637 901 2695 hitur,
920 2653 973 2701 qne
995 2647 1059 2685 recto
1080 2634 1174 2683 tramite
1194 2633 1225 2682 ed
1249 2632 1327 2696 Argue

281 2707 362 2757 lentis.
397 2709 496 2757 Frustra
521 2721 635 2759 tentatum
652 2713 777 2776 juvenem,
828 2710 894 2760 ducit
903 2720 927 2759 et
939 2711 1092 2777 Epidaurum.
1120 2707 1168 2756 Ubi
1179 2707 1236 2755 litus
1246 2706 1327 2771 attigit

280 2780 443 2847 indignissime
455 2783 568 2832 ferentem
581 2783 684 2833 incestos
696 2802 777 2836 nover-
827 2785 892 2850 ponti
909 2784 1022 2840 Saronici,
1038 2782 1116 2846 gravis
1132 2781 1247 2837 fremitus,
1263 2787 1326 2829 teru-

279 2871 315 2904 coe
328 2871 426 2912 umores,
443 2860 532 2921 arguit,
547 2861 648 2920 patrium
662 2863 778 2908 temerdsse
828 2875 900 2922 quam
912 2860 999 2907 tonitru
1015 2857 1081 2906 Jnris
1095 2855 1198 2911 auditur,
1209 2870 1257 2919 qno
1270 2869 1327 2920 per-

258 2957 265 2975 ·
279 2932 363 2985 tuliis,
374 2929 399 2978 id
414 2937 451 2978 est
467 2929 551 2980 incesti
564 2934 638 2995 stupri
655 2932 777 2982 insimule-
828 2933 890 2980 cnssi
899 2933 954 2996 equi
961 2942 1033 2997 ceput
1039 2946 1154 2994 auresque
1163 2925 1326 2993 arriguntonl

278 3001 324 3052 rit.
357 3003 483 3060 Temere,
503 3012 584 3070 stupro
603 3006 716 3070 polluere,
735 3024 777 3069 pa-
827 3005 942 3071 mitesque
952 3016 1017 3053 metu
1025 3004 1188 3070 corripiuntur.
1197 3003 1257 3051 Mox
1265 3003 1327 3053 flnc-

278 3079 353 3125 triten
372 3077 534 3126 metuerim
554 3079 579 3128 ii.
597 3082 662 3138 eut,
683 3083 777 3145 χρᾶναι
827 3079 1327 3143 tusdecumnnnsadmtmsurgenuetque

278 3148 363 3215 λῦχος,
377 3151 459 3216 Eutip.
478 3153 547 3200 1266.
580 3152 698 3202 Credulus
711 3164 778 3220 pater
826 3153 939 3202 isthmum
964 3164 1101 3218 petramque
1129 3151 1262 3216 AEsculepii
1282 3151 1329 3200 eb·

277 3223 350 3273 iidem
362 3224 453 3274 babens
465 3225 542 3274 inani
555 3227 676 3275 sceierete
691 3243 775 3277 noret·
826 3228 949 3284 scandens,
968 3236 1069 3282 taurum,
1091 3226 1165 3273 lerum
1183 3234 1324 3283 monstrum.

276 3313 323 3356 ce,
342 3301 487 3357 immeritum,
507 3300 664 3355 innocentem,
682 3306 777 3363 perperit
827 3301 950 3366 protrudit,
977 3316 1024 3364 quo
1049 3309 1227 3348 consternuntur
1259 3298 1325 3365 equi.

276 3375 309 3420 eir
321 3374 386 3429 urbe,
401 3372 427 3422 iu
445 3373 542 3422 exilium
560 3374 648 3438 abegit,
659 3376 777 3438 hostilique
827 3375 971 3440 Hippolytus
987 3374 1102 3438 equestris
1118 3373 1177 3423 urtis
1187 3389 1275 3438 guerin
1287 3389 1326 3424 ur·

274 3463 344 3509 prete
351 3457 420 3508 eaput
430 3451 480 3510 ejus
489 3450 625 3504 detestatur,
638 3447 777 3513 Neptunum
827 3448 881 3513 ripit
892 3449 1005 3497 hebenus.
1039 3448 1147 3496 Frustra:
1166 3447 1326 3498 sonilliditue

246 3534 257 3549 ³
276 3527 339 3576 eret,
353 3529 381 3568 ut
396 3520 472 3568 fllium
484 3521 515 3569 ob
531 3522 611 3569 cubile
624 3521 727 3586 petrium
741 3531 776 3570 te·
826 3537 891 3578 saxo,
908 3538 989 3570 currus
1004 3523 1093 3571 labitur
1106 3520 1246 3586 excutitque
1262 3522 1323 3588 Hip·

277 3603 394 3643 meretum
404 3594 538 3643 interficiet.
571 3596 628 3643 Ver.
639 3597 695 3644 60⁴2.
711 3597 776 3649 Quat
826 3597 940 3661 polytum.
980 3597 1054 3646 Miser
1080 3597 1180 3646 habenis
1205 3596 1326 3646 inrnlntus

276 3670 360 3723 soluit,
375 3677 421 3716 etc.
437 3685 492 3717 cum
505 3669 604 3718 Heinsio
618 3669 774 3718 adulterinam
826 3678 947 3734 raptatum
979 3681 1053 3736 ceput
1085 3669 1222 3735 impingitur
1251 3671 1325 3726 mis,

272 3740 366 3807 judico.
398 3742 454 3791 Post
464 3742 577 3808 offam
589 3745 684 3805 repulsa
694 3743 774 3792 subin·
827 3745 933 3793 membre
942 3746 1103 3794 vulnerantur.
1135 3743 1242 3792 Tandem
1252 3745 1325 3792 sectis

276 3814 359 3878 tellige
379 3816 473 3863 dulium
491 3827 531 3864 eet.
564 3815 676 3865 Heinsius
696 3825 775 3864 temen
826 3820 937 3866 comitum
963 3835 1008 3884 ope
1029 3819 1092 3874 loris,
1113 3817 1227 3866 exenimis
1249 3817 1324 3881 jecet.

275 3887 464 3954 auspicatum-rb
477 3894 550 3955 magis
562 3891 690 3955 obrepsisse
705 3890 729 3938 iu
741 3890 775 3938 lo·
826 3892 872 3940 Sed
886 3892 946 3940 illud
961 3896 1069 3940 exanimis
1081 3903 1103 3939 et
1117 3901 1240 3940 mserum
1254 3893 1324 3952 epiri·

275 3976 333 4012 eum
354 3965 399 4012 ruis
419 3966 523 4012 dulium.
557 3965 645 4027 Projiei
661 3980 724 4029 supe
745 3963 776 4013 de
827 3976 874 4012 tum
887 3967 978 4013 trahens
986 3963 1072 4012 Ouidio
1080 3961 1257 4022 nnnsetisluit;
1270 3963 1321 4012 'sin-

275 4035 388 4087 exulibus
398 4037 446 4087 dici
457 4038 526 4088 docet
536 4040 697 4089 Burmannus.
723 4038 775 4101 Hy·
825 4040 882 4101 gula
903 4039 1007 4087 membre
1027 4036 1092 4086 toede
1116 4035 1236 4101 discerpit
1255 4035 1323 4087 nobis

274 4110 355 4177 (lunt,
364 4127 379 4163 e
389 4113 526 4179 conjecture
535 4112 659 4169 Schell'eri,
669 4114 776 4161 mentitus
824 4111 935 4160 ostendit.
