2774 5004
291 340 357 408 280
574 337 613 401 Ρ.
638 331 801 399 OVIDII
825 333 1039 402 NASONIS

294 515 329 588 N
333 538 399 588 eve
416 525 524 586 tuum
541 509 656 583 fallax
674 507 839 580 animum
857 507 995 583 fiducia
1010 522 1155 607 tangat,
1267 518 1330 588 430

293 630 404 714 Quod
423 650 529 702 socer
546 623 784 723 Hippotades
802 624 870 696 tibi
888 624 951 711 sit,
970 627 1037 723 qui
1054 650 1208 702 earcere
1225 629 1329 703 fortes

293 744 497 819 Continent
513 753 658 826 ventos,
676 751 728 825 et,
747 763 866 836 quum
883 742 984 832 velit,
1004 767 1159 840 aequora
1175 743 1309 842 placet.

293 860 421 944 Quum
438 857 556 932 semel
573 855 700 929 emissi
718 866 920 929 tenuerunt
937 881 1090 954 aequora
1105 861 1233 948 venti3

293 975 357 1048 Nil
374 975 446 1047 illis
464 973 621 1046 vetitum
640 982 711 1056 est,
731 971 1110 1072 incommendataque
1128 976 1247 1049 tellus

293 1089 439 1176 Omnis,
448 1100 486 1162 et
496 1111 608 1160 omne
618 1086 867 1160 fretumtcoeli
879 1111 1031 1185 quoque
1042 1090 1175 1162 nubila
1186 1101 1328 1174 vexant,

292 1205 576 1301 Excutiuntque
594 1202 681 1276 feris
700 1202 831 1276 rutilos
849 1205 1094 1277 concursibus
1112 1205 1236 1300 ignes.
1265 1210 1328 1279 436

292 1319 377 1404 Quo
395 1320 515 1415 magis
533 1319 601 1392 hos
620 1318 716 1402 novi,
737 1341 823 1390 nam
841 1319 939 1403 novi,
958 1331 998 1392 et
1016 1343 1117 1417 saepe
1135 1331 1297 1417 patema

291 1435 413 1509 Parva
430 1436 541 1507 domo
558 1432 646 1517 vidi,
666 1432 785 1527 magis
804 1432 872 1504 lios
890 1457 972 1505 reor
989 1458 1072 1508 esse
1092 1435 1295 1509 timendos.

291 1549 403 1634 Quod
421 1562 487 1622 tua
504 1549 536 1621 si
553 1547 655 1621 flecti
674 1547 849 1644 precibus
868 1550 1055 1622 sententia
1071 1549 1201 1635 nullis,

292 1665 403 1752 Care,
422 1675 561 1762 potest,
580 1665 733 1758 conjux,
752 1661 986 1759 nimiumque
1004 1689 1045 1738 ee
1064 1677 1192 1738 certus
1210 1664 1331 1750 eundi,

293 1778 361 1853 Me
374 1802 527 1876 quoque
540 1777 629 1850 tolle
642 1777 771 1851 simul:
791 1787 893 1849 certe
906 1779 1136 1873 jactabimur
1148 1803 1243 1868 una;
1264 1784 1326 1852 441

293 2026 351 2076 dum
378 2024 442 2074 tituli
469 2024 656 2074 inscribebantur
682 2023 790 2073 tumulis.
845 2027 938 2083 Vexent,
949 2034 1112 2094 euntorquent.
1129 2028 1253 2093 Respexit
1262 2037 1334 2077 auten

294 2100 390 2149 Centies
400 2101 487 2148 Noster
499 2099 622 2149 confundit
633 2107 746 2164 tempera.
841 2099 865 2148 h.
880 2101 897 2150 l.
921 2102 1015 2152 Lucret.
1036 2104 1053 2151 i.
1071 2104 1134 2152 279:
1162 2103 1230 2151 Venti
1248 2119 1336 2165 eerprra

326 2176 383 2222 430.
402 2175 465 2222 Neve
481 2185 547 2222 tuum
556 2174 645 2238 saltur,
658 2174 720 2235 ete]
741 2172 790 2221 Ae·
841 2191 906 2230 raca,
920 2176 976 2230 Que
986 2193 1055 2233 mare,
1066 2194 1114 2238 que
1125 2186 1208 2233 terrea,
1219 2194 1269 2240 que
1279 2179 1337 2225 deai-

293 2247 442 2296 commudate
460 2247 511 2296 hac
527 2247 558 2295 de
572 2246 649 2295 ventis
666 2246 696 2294 ad
712 2262 791 2308 perae·
841 2265 883 2310 qne
903 2251 984 2298 nubila
1004 2252 1054 2298 culi
1084 2251 1196 2303 Verrunt.
1217 2269 1246 2299 ac
1270 2253 1338 2298 mbito

295 2334 379 2368 narum
398 2321 511 2369 rationem
531 2319 605 2368 dicta.
637 2321 748 2382 Namque
767 2327 791 2367 et
841 2325 1049 2372 mannarurbtm
1065 2333 1170 2384 raptant.
1204 2323 1338 2388 Fulgnnet

285 2393 380 2456 fiducia
390 2393 432 2442 illa
442 2392 514 2442 lacile
524 2401 621 2457 tangere
629 2400 723 2457 peterat
731 2393 791 2453 Hip·
841 2395 945 2444 tonitrua
953 2397 1118 2453 excitabuntur
1129 2397 1273 2454 Democriti,
1282 2397 1337 2445 Stai-

289 2471 378 2530 putadae
394 2468 446 2516 aeil.
463 2467 528 2516 AEoli
544 2483 666 2530 generum,
679 2482 723 2515 nec
741 2481 792 2514 me·
841 2482 922 2516 curum
949 2470 1095 2535 uliommque
1122 2470 1253 2527 sententia,
1279 2468 1337 2519 reati

292 2540 340 2591 liua
360 2543 488 2607 quiequam
510 2557 562 2591 eam
583 2541 699 2596 refellere,
720 2557 791 2605 quum
841 2557 896 2589 cum
914 2543 1015 2591 nubibua
1029 2554 1204 2592 concurrentes:
1224 2544 1276 2592 uid.
1296 2544 1337 2592 Lu·

292 2614 399 2680 ejusdem
413 2614 460 2663 Dei
474 2615 532 2663 filia.
565 2614 663 2662 Fiducia
678 2613 792 2662 illavirili
841 2615 1225 2681 metiuari.95aqq;l721qq.
1253 2617 1337 2665 Confer

292 2691 373 2738 animo
389 2691 506 2746 convenit,
518 2688 653 2737 sollicitudo
671 2687 722 2735 hnc
739 2703 792 2736 mu·
841 2704 912 2754 aupra
924 2689 955 2738 vi.
966 2692 1013 2738 693
1023 2706 1076 2754 aqq.

292 2761 369 2812 liebri.
402 2763 441 2811 De
458 2778 548 2811 curem
564 2761 699 2823 Hippotudae
712 2761 793 2809 confer
875 2765 932 2812 438.
951 2763 1152 2828 Magalona]
1172 2763 1260 2812 Plures
1274 2766 1339 2829 magia

291 2836 325 2885 iv.
343 2838 402 2884 662.
437 2837 524 2891 Fertor,
540 2835 616 2901 rapidi
633 2842 675 2882 aut
694 2836 791 2882 leroeea.
841 2837 890 2893 lae,
914 2837 976 2901 quod
997 2839 1081 2901 probat
1102 2837 1267 2893 Burmannus,
1287 2838 1339 2903 quia

292 2906 360 2965 lrati,
387 2908 528 2972 quibuscum
554 2918 703 2970 eomparatur
727 2923 791 2956 mare
839 2911 889 2974 jam
900 2910 960 2958 dixit
970 2912 1015 2958 hoa.
1048 2910 1118 2974 Regii
1131 2911 1206 2958 neutri
1217 2909 1338 2975 inaequali

292 2980 422 3036 turbidum,
438 2990 463 3029 et
478 2984 568 3041 placari
584 2980 695 3028 dicuntur
711 2988 735 3029 et
751 2999 792 3042 pu·
841 2983 1118 3048 recteprobavitBurm.
1151 2983 1338 3040 ldesaobhoa

293 3058 352 3104 euri.
383 3055 469 3119 Itaque
486 3054 538 3102 hac
556 3054 602 3102 duo
616 3055 687 3102 rerba
703 3056 792 3119 ubique
841 3072 871 3104 ex
882 3057 936 3112 hoc,
949 3057 1132 3121 etc.lwaglosaa
1142 3066 1187 3105 eat.

293 3131 349 3185 lere.
360 3129 432 3178 etiam
447 3128 492 3176 hoc
508 3129 559 3176 loeo
575 3127 600 3175 in
615 3128 685 3174 MSS.
697 3144 792 3192 permu·
874 3131 931 3177 441.
950 3131 1146 3186 Τοίίι,εο11.ιιενε
1157 3130 1235 3178 autin
1247 3145 1337 3183 narem,

293 3211 389 3252 tantur:
407 3201 455 3250 uid.
466 3200 590 3250 Bentleiua
601 3200 631 3248 ad
643 3201 727 3249 Horat.
734 3201 789 3249 Art.
841 3203 897 3250 navi
915 3204 1049 3267 impositam
1064 3202 1102 3251 lac
1117 3203 1230 3251 comitem
1246 3202 1338 3251 itinera

293 3276 363 3325 Puet.
376 3277 430 3324 197.
841 3277 893 3326 Cic.
904 3277 935 3325 url
944 3279 975 3335 Q.
986 3277 1091 3325 Fratrem
1105 3276 1131 3325 ii.
1140 3278 1179 3324 10.
1190 3286 1218 3324 ut
1236 3285 1258 3323 ta
1273 3276 1336 3337 prqu-

325 3352 383 3399 4³³.
394 3349 535 3406 Terruerunt,
547 3350 712 3398 incubuerunt.
728 3346 792 3406 Quia
840 3356 923 3399 erretur
933 3369 978 3398 nnn
991 3353 1091 3399 tollerem
1105 3350 1129 3398 in
1144 3349 1252 3398 rhedam.
1286 3350 1336 3398 Ple·

293 3426 355 3473 uenti
378 3430 403 3470 et
423 3439 512 3484 equora
538 3423 684 3488 precedunt,
704 3422 789 3470 Heius.
840 3426 893 3474 uiua
912 3425 1033 3482 Horatius,
1044 3424 1080 3473 11.
1094 3425 1169 3472 Serm.
1180 3423 1213 3473 ui.
1224 3427 1336 3487 laquea

293 3497 378 3546 euadat
389 3505 512 3543 tenuerunt
527 3498 611 3543 cerula
622 3506 664 3542 aut
674 3496 791 3557 nerasra·
841 3501 919 3546 tollere
933 3500 1003 3547 rheda
1014 3501 1091 3554 vellet,
1101 3498 1252 3560 iterfaciens.
1286 3497 1334 3544 Jur·

294 3583 346 3627 trra,
363 3580 390 3618 ut
406 3569 506 3618 alterum
524 3585 537 3617 e
555 3568 633 3631 glossa
650 3578 730 3616 natum
749 3569 789 3617 ait.
841 3577 887 3619 tari
904 3573 995 3636 proprie
1010 3579 1034 3619 et
1050 3571 1080 3619 de
1098 3570 1211 3634 perieulis
1229 3570 1337 3634 navigan·

295 3645 338 3692 Nil
359 3646 407 3691 illia
426 3646 521 3690 veritum
545 3653 585 3696 ert,
601 3642 635 3689 nil
655 3657 698 3705 pro
718 3643 790 3691 vetito
840 3645 940 3700 tium,et
950 3646 980 3693 de
992 3645 1125 3710 corporibus
1134 3644 1274 3707 eorum,qui
1283 3658 1335 3690 nau·

292 3717 389 3766 habent.
422 3715 531 3762 Graviter
542 3731 583 3762 eoa
593 3715 637 3762 hoc
650 3715 743 3763 nomine
754 3717 790 3765 in·
839 3719 1047 3783 lragioperierunr.
1082 3717 1246 3778 Martiaque
1254 3720 1335 3778 guttur,

293 3799 375 3855 crepat
386 3787 471 3837 AEolua
491 3789 554 3852 apud
566 3788 692 3852 Virgilium
703 3791 761 3837 AEn.
773 3791 789 3840 i.
840 3803 887 3842 ete.
907 3794 999 3858 Nempe
1008 3802 1084 3840 metus
1092 3791 1167 3839 multa
1179 3790 1244 3840 mala
1254 3803 1335 3839 temere

295 3866 351 3913 132.
386 3862 579 3911 lneommmdnta.
607 3864 789 3919 Qureeommen-
839 3867 915 3930 lingit.
932 3865 1333 3930 SenecaEpist.l3.“Neacioque

292 3941 348 3986 elata
364 3937 488 3992 habemus,
506 3951 586 3985 eorum
607 3952 687 3984 curam
705 3939 789 4002 preci·
839 3939 908 3987 modo
928 3955 989 3988 vana
1009 3939 1084 4001 magia
1103 3939 1250 4003 perturbant.
1280 3938 1336 3985 l'err

292 4028 365 4077 puam
382 4025 463 4076 gerere
476 4012 598 4060 debemus.
632 4011 788 4061 Hincr'ncom·
839 4014 900 4062 enim
910 4012 1006 4060 mudum
1018 4012 1120 4071 habent;
1136 4011 1254 4076 quidquid
1265 4027 1294 4059 ex
1304 4009 1335 4057 in·

292 4089 419 4142 mandatur,
442 4085 481 4135 cui
502 4101 549 4133 non
571 4085 696 4150 parcimus,
718 4103 788 4152 quem
838 4086 1135 4150 cermvenit,conjecture
1147 4084 1334 4148 etliceutirepa·

292 4158 388 4226 impune
408 4159 496 4210 violare
517 4159 590 4222 licem
610 4175 671 4210 aare
686 4160 786 4210 dictum.
839 4160 999 4210 ventinuimi
1011 4159 1136 4210 truditur.'’
