2774 5004
124 321 190 404 sus
416 319 456 383 r.
479 315 879 385 ovtnuussours

126 492 450 587 Tulieconstuhat
466 500 571 564 certe
587 489 791 588 primordie
806 487 908 564 fame

127 608 223 682 Esse
241 607 327 692 loci,
344 606 554 705 positaeque
572 602 678 678 Italis
696 604 889 677 infinibus
907 603 1027 676 urbis.

178 721 232 796 ΙΙ.
261 721 328 809 Vir
343 722 414 795 fuit
426 721 487 794 hie
500 731 585 793 ortu
599 720 769 794 Samius:
790 719 858 794 sed
872 718 1025 814 fugerat
1038 743 1115 811 una
1130 725 1175 793 60

127 835 180 911 Et
198 837 351 923 Samon,
370 848 410 910 et
425 835 620 923 dominos;
650 833 814 930 odioque
832 831 1046 931 tyrannidis
1064 835 1153 907 exul

130 952 276 1052 Sponte
294 963 398 1028 erut:
427 952 549 1049 isque,
566 950 656 1024 licet
672 948 757 1023 coeli
776 948 929 1044 regione
947 958 1130 1033 remotos,

129 1067 261 1142 Mente
281 1068 384 1143 Deos
402 1066 521 1141 adiit:
550 1078 600 1154 et,
620 1089 706 1165 quae
725 1074 858 1138 natura
876 1063 1044 1159 negabat

126 1181 282 1257 Visibus
300 1182 485 1268 humanis,
504 1181 624 1256 oculis
642 1205 687 1256 ea
705 1181 867 1280 pectoris
886 1178 1028 1253 hausit.
1133 1184 1176 1254 64

126 1297 332 1394 Quumque
346 1299 483 1383 animo,
499 1308 539 1372 et
551 1296 652 1394 vigili
670 1304 918 1395 perspexerat
931 1295 1063 1371 omniu
1074 1318 1173 1380 curu,

161 1498 202 1545 68.
231 1496 298 1544 Tatio
311 1497 543 1561 coutetur—urbm
577 1496 628 1544 llos
676 1493 758 1544 Servio
766 1492 847 1543 Tullio
857 1501 970 1558 regnsme
984 1493 1083 1550 Renum
1093 1501 1121 1542 ut
1131 1492 1179 1541 vult

129 1583 209 1618 versus
221 1569 484 1636 duossuppositosesse
497 1569 626 1618 erhitrshs·
677 1567 767 1623 Livius,
783 1567 801 1616 i.
820 1567 858 1616 lh.
875 1568 913 1615 rel
931 1575 1041 1632 ternpore
1058 1566 1177 1633 Terqeiuii

127 1651 167 1691 tur
182 1642 275 1708 Tenuq.
292 1644 385 1705 hbes,
411 1644 454 1693 sed
473 1644 584 1708 leguntur
602 1642 628 1691 in
676 1639 1036 1707 SuperbietBruti,seeundum
1047 1640 1177 1690 Cic.Tusc.

127 1714 237 1763 omnibus
248 1715 314 1765 libris
324 1716 424 1782 scriptis.
449 1715 628 1780 Deoriginihus
676 1716 693 1764 i.
715 1715 761 1774 163
779 1713 813 1762 iv.
831 1714 852 1761 l.
886 1712 925 1761 De
944 1712 980 1762 bis
996 1712 1110 1763 omnibus
1126 1712 1177 1762 vide

128 1787 238 1839 Crotonis
258 1791 334 1839 mults
360 1791 433 1840 hehet
460 1789 575 1856 leoperd.
601 1790 627 1839 iu
677 1786 795 1836 ueuutii
806 1786 963 1850 Argumeuts.

129 1863 331 1930 Emeudstt.csp.
344 1865 384 1913 1⁴.
709 1863 751 1910 62.
769 1859 893 1922 Reiectus]
917 1859 1176 1926 Vulgo(utinliegiis

161 1937 285 1986 60-478.
308 1937 422 2002 Dogmata
443 1938 558 1985 manullo
580 1936 627 1998 Py·
676 1934 811 1997 codicibus)
821 1943 927 1990 rmus,
938 1933 1005 1998 quod
1017 1934 1110 1984 mslim.
1141 1935 1177 1984 Ci.

129 2011 256 2075 thagories,
268 2026 322 2075 que
333 2026 407 2076 quum
418 2009 448 2059 ds
459 2009 628 2059 mutationibus
677 2009 720 2058 xii.
732 2008 1096 2073 tl.qmvtmguuthmtstr.
1114 2009 1177 2059 hies·

129 2091 210 2148 egunt,
229 2090 385 2148 ornatumque
406 2082 476 2131 facile
501 2080 629 2130 admittant
678 2097 700 2134 te
714 2086 773 2134 Deos
785 2088 851 2133 edire
868 2082 926 2132 ulihi
940 2082 972 2131 de
990 2083 1112 2148 precihus,
1123 2083 1148 2132 h.
1159 2083 1175 2132 1.

129 2157 258 2223 poeticum,
269 2157 347 2206 locum
361 2156 386 2205 in
401 2156 445 2205 hoc
456 2171 526 2220 opere
539 2155 629 2204 bahent
677 2159 708 2209 de
716 2159 794 2209 studio
804 2157 891 2207 divino
900 2158 1177 2221 neturncogmudo.

130 2231 290 2280 commodum.
323 2228 628 2294 Etiumbocplscet,quod
679 2234 793 2289 Hauon,
805 2246 879 2297 quum
894 2230 990 2278 omuino
1003 2230 1036 2279 sit
1051 2231 1176 2296 percipere,

129 2304 277 2369 Pythagorei
287 2303 338 2369 ipse
348 2303 435 2353 docens
445 2303 572 2352 inducitur.
589 2303 628 2352 De
677 2316 703 2356 et
712 2308 744 2357 de
753 2305 860 2356 sensibus
870 2313 895 2354 et
906 2303 937 2353 de
947 2304 1030 2353 euimo
1040 2315 1177 2370 usurpetur,

129 2378 275 2443 Pythagora,
296 2377 345 2426 viro
365 2377 460 2441 insigni,
482 2377 533 2442 ejus
550 2377 628 2433 rebus,
677 2382 854 2442 anteposueris
864 2377 1178 2443 bessicingeuiopereepit,

130 2451 252 2507 institutis,
263 2449 362 2508 semilis,
373 2451 466 2515 copiose
479 2461 503 2499 et
512 2448 629 2499 subtiliter

131 2523 238 2589 disputet
247 2524 347 2573 Melum
357 2526 383 2570 in
393 2527 434 2571 der
447 2523 579 2573 Geschiehts
588 2527 629 2572 der

135 2597 267 2645 Wisssrssch.
277 2600 304 2644 in
316 2597 486 2645 Griecherslcnd
499 2600 548 2645 siud
563 2598 629 2646 Rom.

130 2678 188 2718 tom.
198 2670 216 2720 i.
227 2670 269 2719 lib.
280 2671 305 2718 3.

163 2746 270 2792 60-72.
292 2746 332 2791 Vir
334 2744 398 2806 fuit,
409 2743 468 2805 eto]
486 2743 524 2792 De
539 2744 627 2808 Pythe-

130 2834 187 2881 gora
205 2818 264 2882 ipso,
286 2817 384 2881 ejusque
409 2816 557 2881 philosophia
575 2817 627 2865 uni-

131 2907 205 2938 verse.
240 2891 295 2945 Hic,
317 2890 431 2946 Crotone,
455 2899 537 2955 postea
556 2889 628 2938 etism

131 2963 276 3027 Metaponti,
296 2963 336 3011 ubi
351 2962 467 3023 decessit3
484 2963 561 3010 Cicer.
576 2963 628 3011 Pin.

132 3055 154 3087 v.
163 3038 195 3096 ²3
212 3039 227 3086 J
230 3037 329 3094 ustinus,
337 3054 376 3086 ss.
387 3040 411 3084 4.
432 3036 552 3085 Reversus
561 3053 576 3085 u
586 3053 627 3100 pe·

130 3110 296 3175 regrinutioue,
318 3126 366 3175 quu
393 3111 524 3174 AEgyptum
543 3111 628 3158 lustru·

132 3192 206 3240 verat,
222 3183 402 3247 Persarumque,
423 3191 450 3229 ut
471 3192 561 3230 veteres
579 3192 628 3231 trs-

132 3255 201 3312 dunt,
214 3272 296 3320 mogus
307 3257 397 3304 adierat
405 3255 471 3319 (Cic.
479 3254 532 3304 Pin.
542 3274 564 3304 v.
575 3254 629 3317 29.)

132 3343 267 3394 oppressam
284 3329 370 3393 reperit
387 3328 487 3394 putrium
506 3333 631 3391 tyrannio«

135 3401 283 3463 Polycratis;
301 3403 422 3466 Diogenes
431 3405 510 3450 Laert.
523 3403 571 3451 viii.
581 3405 629 3464 475

132 3474 284 3530 Plutarchus,
292 3475 323 3522 de
332 3476 418 3524 Placit.
427 3477 444 3523 i.
453 3480 478 3524 3.
496 3478 556 3534 Qum
569 3494 630 3526 nova

132 3545 214 3610 petrin
236 3547 309 3593 forma
329 3548 351 3595 ei
370 3548 498 3612 displicuit,
518 3551 562 3597 sub
582 3567 630 3614 que

132 3633 179 3666 uon
190 3619 290 3680 putabat
300 3634 326 3666 se
337 3619 484 3677 effecturum,
496 3638 549 3685 quae
563 3622 629 3671 moli-

133 3700 205 3747 retur,
223 3707 296 3754 quum
313 3702 394 3740 contra
414 3693 514 3741 Greciae
534 3696 629 3758 Magne

132 3765 241 3815 civitates
248 3782 302 3814 eum
313 3766 394 3814 multis
403 3767 617 3818 cuusisinviturent
623 3787 630 3829 ;

134 3839 244 3896 Μήποτε,
256 3841 341 3904 pass.
370 3840 628 3905 Fugerspr.deexule;

133 3917 186 3963 emal
201 3924 280 3963 eutem
297 3914 369 3962 etiam
384 3914 412 3970 is,
430 3916 471 3978 qui
488 3926 570 3979 sponte
588 3933 630 3981 pu-

133 3988 201 4037 trium
213 3989 309 4038 descrit.
327 3989 443 4044 Dominus,
453 3989 581 4046 domiuum,
593 4000 629 4054 ty·

132 4077 241 4112 rsunum.
276 4063 342 4113 Vixit
353 4074 432 4112 eutem
444 4063 599 4128 Pythagoras,
610 4065 628 4114 si

135 4137 212 4186 verius
230 4145 324 4187 mtetem
344 4138 395 4202 ejus
409 4138 469 4187 seire
486 4137 576 4203 cupies,
592 4141 629 4188 vel

678 2451 1076 2519 coguovitsbditssnsturqvires.
1103 2452 1178 2500 sum

679 2528 771 2584 Cicero,
780 2528 852 2576 lhrsc.
863 2527 881 2576 i.
895 2525 932 2574 16.
948 2524 1115 2588 Pherecydem
1128 2525 1176 2574 luu-

678 2600 721 2650 dst
729 2608 754 2649 et
767 2599 937 2664 Pythagorsm‚
948 2597 1014 2662 quod
1031 2597 1102 2662 primi
1115 2614 1178 2648 seru·

678 2672 784 2722 caverint
798 2682 902 2720 mentem
919 2687 934 2719 s
948 2670 1068 2728 sensibus,
1078 2680 1104 2720 et
1117 2671 1178 2736 cugi-

678 2746 792 2795 tstionem
809 2762 823 2794 u
842 2742 1013 2794 cousuetudine
1031 2743 1179 2800 subduxerint,

678 2834 752 2883 quum
770 2827 840 2867 untes
856 2817 963 2866 homines
975 2816 1037 2864 nihil
1052 2817 1132 2865 auimo
1146 2817 1178 2865 ui·

678 2891 734 2940 dere
755 2900 857 2958 possent,
877 2890 920 2938 sed
944 2889 1026 2938 omnis
1049 2889 1081 2938 sd
1101 2891 1179 2939 oculos

678 2964 800 3013 referrent.

711 3038 751 3086 65.
771 3037 841 3102 Vigih'
858 3053 926 3092 eura,
946 3036 1063 3100 diligente
1078 3045 1105 3085 et
1123 3036 1179 3086 ussi·

678 3110 726 3159 duo
736 3111 821 3160 studio.
848 3110 987 3159 lnmediuss
997 3113 1108 3159 disum
1117 3113 1181 3168 dere,

679 3185 773 3235 tradere
784 3184 899 3234 docendo.
920 3184 988 3233 Alter
998 3185 1100 3234 Strom
1112 3186 1182 3235 behet

677 3269 791 3320 perspectu
802 3261 879 3314 dubet,
890 3267 916 3307 ut
931 3257 961 3305 sit
972 3257 1083 3322 repetitio
1095 3258 1182 3308 Ouidio

679 3331 809 3380 familiaris.
842 3333 888 3379 Pro
903 3341 970 3379 cetus
982 3331 1064 3394 vulgo,
1077 3343 1102 3381 et
1118 3332 1181 3397 spud

680 3405 853 3454 lilitscberlich.
861 3404 947 3469 legitur
957 3415 1052 3461 cretum,
1062 3405 1130 3470 quod
1139 3407 1181 3454 im-

679 3479 763 3542 probet
784 3479 934 3526 Burmannus
960 3488 1057 3542 propter
1080 3494 1183 3543 sequeus

679 3552 794 3599 sitentrou
827 3550 908 3599 Codex
936 3550 1029 3613 Regius
1055 3551 1080 3599 A
1108 3552 1182 3602 hehet

680 3635 757 3679 cretus,
782 3623 858 3672 codex
878 3625 900 3672 Β
923 3635 1012 3672 cretum.
1049 3625 1128 3675 Cetus
1152 3626 1182 3675 de

679 3696 765 3746 scholis
777 3696 975 3761 philosophorum.
996 3696 1079 3744 Etiam
1090 3698 1181 3754 livius,

680 3770 706 3819 d.
718 3771 775 3820 lde
789 3771 1056 3835 Pythugoru,juosuum
1070 3775 1182 3821 mulsu-

680 3848 821 3894 tiumstudiu
832 3857 901 3894 cetus
909 3847 998 3893 hahuit.
1015 3846 1065 3894 Sed
1073 3846 1107 3895 ibi
1116 3858 1186 3896 cetus

680 3928 809 3967 conventus
819 3919 997 3984 discipulorum,
1009 3917 1034 3967 h.
1047 3920 1065 3967 1.
1078 3920 1124 3985 ipsi
1135 3920 1183 3969 dis·

680 3994 763 4057 cipuli.
797 3994 885 4042 Eorum
898 3996 1014 4042 suentium
1028 4004 1123 4050 notum,
1136 4010 1185 4060 quo

680 4082 767 4116 arcuna
787 4066 907 4116 societatis
925 4067 1044 4116 custodire
1061 4068 1182 4132 jubebun-

680 4149 732 4200 tur;
750 4141 803 4190 uide
817 4142 925 4198 Meinas,
936 4159 960 4206 p.
969 4144 1026 4192 454.
1056 4142 1131 4191 Diets
1140 4159 1184 4192 uu·
