2774 5004
304 310 352 378 sa
496 269 497 272 ‘
601 306 641 371 P.
665 303 828 372 ovmn
851 303 1066 371 ussurus

310 484 435 557 OEnea
451 503 616 577 namque
633 479 769 564 ferunt,
788 479 891 577 pleni
909 478 1152 553 successibus
1170 479 1260 553 anni

310 597 514 683 Primitias,
533 597 678 693 frugem
698 595 841 682 Cereri,
861 620 930 669 sua
947 595 1034 670 vina
1052 596 1181 694 Lyaeo,

299 715 499 790 ’Palladios
517 714 622 787 flavae
641 713 772 787 latices
790 713 930 787 libdsse
949 712 1146 787 Minervae.
1282 716 1346 784 275

306 832 468 930 Ooeptus
487 831 534 903 ab
553 831 725 926 agricolis
743 831 908 928 Superos
927 828 1164 928 pervenitad
1182 852 1312 902 omnes

309 947 522 1021 Invidiosus
541 946 681 1018 honos:
711 946 811 1019 solas
828 946 909 1019 sine
927 956 1011 1019 ture
1030 944 1179 1018 relictas

307 1064 514 1138 Praeteritae
532 1062 706 1135 cessisse
724 1062 850 1136 serunt
868 1061 1044 1136 Letoidos
1062 1084 1159 1134 aras.

306 1179 446 1275 Tangit
462 1188 501 1252 et
518 1178 572 1250 ira
587 1177 712 1252 Deos:
743 1178 835 1252 “At
852 1202 926 1251 non
944 1178 1099 1275 impune
1116 1174 1301 1260 feremus;

302 1295 475 1392 Quaeque
493 1293 736 1378 inhonorntae,
751 1318 825 1366 non
843 1302 881 1366 et
895 1293 1064 1367 dicemur
1080 1290 1258 1379 inultae;'‘
1276 1294 1343 1362 280

304 1410 457 1508 lnquit:
487 1420 527 1482 et
544 1409 686 1481 OEneos
705 1409 865 1482 ultorem
882 1419 1010 1506 spreta
1025 1431 1093 1504 per
1105 1429 1218 1503 agros

304 1527 414 1600 Misit
429 1549 583 1624 aprum:
613 1535 757 1622 quanto
775 1527 936 1622 majores
954 1524 1111 1599 herbida
1128 1534 1258 1596 tauros

304 1638 682 1737 NonbabetEpiros;
705 1640 771 1712 sed
783 1641 925 1714 habent
937 1641 1162 1713 Siculaarva
1173 1638 1345 1712 minores.

305 1756 497 1850 Sanguine
512 1764 551 1826 et
565 1754 651 1849 igne
669 1755 809 1829 micant
822 1756 937 1842 oculi;
959 1755 1056 1852 riget
1073 1754 1190 1828 ardua
1203 1754 1343 1839 cervum

334 1996 391 2044 276.
409 1994 528 2058 Agricola,
539 1991 580 2040 Dii
598 1993 688 2049 rustici,
705 1993 729 2041 in
744 1992 798 2058 qui·
850 1992 939 2041 babent
952 1999 977 2041 et
992 1992 1042 2049 alii,
1053 2007 1112 2057 quus
1126 1991 1242 2041 Heinsius
1254 1999 1278 2040 st
1289 1992 1345 2041 Bur·

291 2072 347 2119 .bns
361 2069 470 2116 Minerva
485 2077 579 2132 propter
596 2068 675 2116 oleum
695 2069 767 2116 etinm
785 2083 800 2115 a
849 2083 950 2116 manuus
970 2067 1079 2116 laudent.
1112 2068 1241 2122 Homerus,
1259 2066 1345 2128 otvqoe

303 2141 413 2206 Virgilio,
436 2142 525 2204 Georg.
546 2141 563 2189 i.
589 2143 628 2188 18.
651 2152 797 2190 numeratur.
848 2139 947 2200 ἀλωήν.
982 2140 1284 2203 lnquitinfiueorntionis.

299 2217 418 2271 Tibullus,
435 2216 457 2263 l.
474 2214 490 2262 i.
511 2216 551 2262 14:
577 2218 725 2277 quotcunque
744 2216 799 2262 mibi
882 2217 939 2262 282.
957 2216 1049 2270 Quanto
1066 2219 1228 2277 majometc.
1264 2215 1344 2265 Excel-

298 2306 388 2350 pomum
403 2305 473 2337 nonus
489 2289 571 2336 educnt
587 2305 671 2342 numu,
694 2289 799 2336 Libatum
849 2289 980 2339 lentissima
989 2289 1099 2338 horrendi
1114 2288 1212 2337 monstri
1221 2288 1345 2356 descriptio

299 2365 405 2428 egnicus
414 2364 638 2424 poniturnnteDeo.
660 2360 798 2418 Invidiosus,
849 2363 904 2413 binc
922 2364 1014 2429 incipit.
1047 2363 1122 2427 Atqui
1144 2363 1200 2412 talis
1221 2373 1344 2429 tantusque

288 2437 341 2502 ¹qui
351 2436 465 2484 invidiam
476 2444 549 2490 creat,
562 2444 604 2483 sut
617 2436 723 2499 quicum
736 2435 796 2484 iuvi·
846 2451 897 2486 esse
905 2437 1008 2485 debebat
1018 2453 1081 2501 aper,
1092 2437 1122 2485 sd
1134 2453 1206 2501 quem
1217 2437 1344 2486 tollendum

296 2510 340 2560 din
352 2509 471 2574 expetitur
486 2525 500 2557 s
511 2509 631 2593 pluribus.
641 2509 674 2558 iv.
686 2511 740 2558 794.
751 2527 798 2570 spes
848 2511 920 2559 totius
928 2511 1028 2560 Greciae
1039 2511 1156 2576 principes
1167 2513 1344 2561 concurrebant.

297 2587 409 2636 mudum
424 2600 551 2646 procorum.
576 2584 608 2631 vi.
626 2584 689 2632 Fast.
705 2586 745 2632 63.
761 2588 796 2632 in·
846 2587 964 2635 Homerus
980 2586 1090 2642 breviter,
1105 2589 1153 2635 σῦν
1171 2586 1344 2652 ἀγριον,ἀργι·

296 2663 395 2710 vidimus
415 2660 495 2707 bonor.
536 2657 583 2705 Sed
605 2657 675 2721 longe
701 2658 796 2722 plurimi
847 2658 1009 2718 όδοντα,”ος
1034 2661 1098 2709 rard
1124 2659 1198 2709 πόλλ’
1226 2660 1344 2724 ἔρδεσκεν.

296 2733 387 2799 scripti,
398 2735 534 2788 ambitiosus,
546 2748 591 2779 nou
609 2730 686 2780 miuus
700 2732 795 2797 elegati-
846 2733 1015 2800 Apollodorus,
1028 2733 1134 2798 Κάπρον
1148 2733 1237 2797 ἔξοχον
1253 2733 1343 2800 μεγέθει

295 2816 341 2856 ter.
377 2808 499 2854 Ambitiosa
524 2806 587 2853 euim
614 2821 666 2869 que
691 2805 795 2854 studiose
846 2827 870 2859 τε
887 2808 1096 2874 καὶρώμρνοεαῑ.
1129 2808 1342 2858 Conter.cumboc

293 2882 445 2935 effectsutur,
466 2889 493 2927 ut
514 2879 591 2943 gratie
610 2888 635 2927 et
655 2880 794 2929 uucmritute
844 2882 897 2931 loco
908 2882 959 2947 lupi
968 2881 1104 2946 descriptio,
1112 2881 1267 2947 xiilbbsqq.
1292 2884 1342 2931 Non

295 2954 374 3003 velers
385 2953 495 3000 videaris.
531 2953 687 3000 Sutura-urar.
722 2953 793 3002 lloru.
844 2957 917 3012 lubet,
937 2964 983 3005 etc.
1017 2956 1129 3003 Debebat
1155 2955 1245 3011 dicere,
1268 2973 1341 3021 neque

295 3023 793 3091 versubabuind‘odriqldsisurbcrodpp.
844 3029 935 3092 Epiros,
959 3044 1036 3093 neque
1059 3028 1139 3076 Sicula
1162 3043 1220 3076 arva
1241 3029 1344 3089 babent3

294 3100 348 3149 Hoc
359 3100 444 3146 Noster
455 3098 533 3146 verbis
542 3098 640 3146 nimium
652 3098 699 3146 sere
709 3114 792 3147 eumu-
843 3101 885 3149 sed
896 3101 997 3150 variavit
1007 3101 1145 3150 orationem.
1177 3101 1279 3158 Plinius,
1293 3103 1342 3153 viii.

293 3172 348 3222 lutis
357 3173 478 3236 expressit.
506 3171 815 3242 (leniornotiosumstare.v
843 3176 888 3223 te:
908 3176 938 3224 In
949 3185 1024 3222 rinstro
1038 3178 1089 3223 urbs
1101 3176 1225 3237 Epiroticis
1236 3178 1251 3240 (
1254 3179 1339 3239 bubum)

294 3247 333 3295 Sic
348 3263 404 3310 ager
418 3262 511 3301 cenans,
523 3247 545 3294 V
547 3245 591 3309 irg.
610 3245 698 3309 Georg.
716 3246 734 3292 i.
750 3248 791 3295 71.
841 3250 892 3296 laur
901 3253 1006 3305 monimo,
1017 3269 1032 3297 n
1045 3250 1140 3312 Pyr-rbi,
1152 3259 1178 3296 ut
1189 3250 1341 3314 serrantium

294 3322 443 3374 Preteritur,
465 3319 504 3368 cui
531 3320 662 3383 denegatur
689 3320 791 3386 aliquid.
839 3325 894 3371 inde
903 3326 961 3387 regis
969 3341 1036 3371 curn.
1067 3324 1095 3372 ld
1106 3334 1239 3372 consecutus
1249 3336 1341 3383 estnon

292 3395 356 3458 Engo
365 3393 572 3455 praeronraeadem
583 3410 636 3457 quae
646 3395 791 3445 inhonorata.
840 3407 894 3446 unte
910 3401 1077 3460 quadrimatum
1093 3402 1123 3447 nd
1138 3410 1219 3460 partus
1235 3404 1341 3450 emendo.

291 3467 366 3531 Apud
381 3466 550 3531 Apollodorum
566 3482 640 3515 causa
655 3468 791 3519 cessationis
842 3472 992 3536 Progrnndes
1013 3475 1089 3533 itaque
1099 3472 1181 3535 justu,
1197 3482 1218 3520 et
1236 3474 1341 3537 hodieque

291 3540 338 3590 suit
348 3542 443 3594 oblivio.
454 3542 533 3605 μόνης
544 3539 673 3605 Αρτέμιδος
683 3542 790 3597 ἐξελάθε·
840 3547 931 3607 relique
942 3547 1048 3606 stirpium
1056 3548 1153 3593 durant.

290 3633 328 3664 ro.
349 3616 453 3664 Dubiam
465 3614 577 3679 relinquit
587 3617 712 3665 Homerus.
732 3621 789 3669 Pos·
872 3621 928 3667 284.
943 3616 1276 3683 Surrguine,scilicct,suffusi,
1285 3619 1340 3684 quia

284 3697 338 3743 tea,
350 3688 408 3736 forte
424 3689 540 3737 hoemalo
552 3689 651 3745 inducti,
664 3691 789 3755 Calydonii
838 3693 902 3742 oculi
918 3693 972 3756 igne
990 3693 1130 3741 rubescunt:
1149 3694 1181 3740 xi.
1197 3694 1254 3741 368.
1269 3695 1340 3741 rubro

291 3762 398 3811 Dianam
415 3763 554 3826 cognomine
574 3764 693 3828 lmpbrisn
712 3767 788 3816 secere
838 3767 939 3832 diffusus
950 3768 1155 3831 tuminujlnmmu,·
1174 3768 1233 3814 AEn.
1245 3768 1271 3815 ii.
1283 3770 1339 3818 210.

289 3843 500 3902 pstruunmsuam.
536 3837 674 3892 Pausanias,
683 3840 788 3888 Messes.
839 3842 993 3902 Ardentesque
1007 3843 1081 3889 oculos
1095 3840 1339 3905 suffectisnnguisest

288 3911 383 3977 pant.
838 3918 897 3979 igni.
933 3916 1000 3979 liiget
1020 3917 1104 3970 ardrie,
1119 3925 1184 3963 recta
1201 3915 1297 3971 eminet,
1313 3925 1340 3964 ut

322 3985 380 4034 279.
404 3984 435 4030 Ar
457 3981 491 4032 sic
512 3983 606 4048 ponitur
626 3985 651 4032 iu
673 3983 788 4048 principio
838 3986 871 4035 xi.
891 3988 944 4036 156.
963 3992 1021 4052 riget
1038 3992 1126 4037 arduus
1146 3987 1244 4036 Tinctus.
1278 3989 1337 4053 Apri

289 4058 416 4113 minutum,
430 4055 605 4122 increpationis,
616 4055 786 4106 admirationis.
838 4076 885 4109 uon
909 4061 998 4110 babent
1023 4063 1138 4111 cervicem
1160 4071 1274 4119 erectam,
1293 4063 1338 4112 sed

289 4133 352 4182 Vide
373 4132 414 4181 xii.
433 4131 492 4181 367.
527 4131 680 4199 Adjectivunr
704 4132 788 4181 OEneur
838 4149 943 4198 pronam.
985 4135 1069 4200 ltaque
1096 4136 1248 4202 praetulerim,
1274 4138 1337 4203 quod
