2774 5004
293 348 358 415 226
585 342 625 406 P.
648 339 809 407 OVIDll
834 340 1046 406 NASONIS

297 518 463 603 Prosilit,
482 527 521 590 et
537 514 704 587 nondum
720 524 820 586 totos
834 524 965 587 ornata
981 514 1154 613 capillos,
1270 520 1329 590 385

299 633 452 730 Disjicit
469 633 537 704 llos
555 631 679 728 ipsos;
709 629 884 725 colloque
899 629 1022 703 inlusa
1038 628 1178 716 mariti,

298 749 430 823 Mittat
446 760 488 821 ut
504 746 687 821 auxilium
701 746 782 820 sine
800 770 854 832 se,
873 747 1073 842 verbisque
1092 756 1280 844 precatur,

299 864 350 939 Et
367 861 551 949 lacrimis;
582 860 802 959 animasque
819 862 915 936 duas
930 871 972 935 ut
989 873 1113 935 servet
1131 861 1172 934 in
1190 883 1277 935 una.

298 979 472 1054 AEacides
490 978 555 1064 illi,
577 988 600 1016 “
613 978 802 1075 pulchros,
825 977 982 1074 Regina,
1001 978 1164 1075 piosque

299 1096 405 1169 Pone
423 1105 567 1168 metus:
594 1094 706 1190 plena
723 1106 783 1167 est
800 1094 972 1191 promissi
990 1093 1110 1190 gratia
1123 1093 1254 1166 vestri.
1273 1096 1332 1167 390

299 1210 387 1284 Non
399 1210 525 1309 placet
536 1231 639 1281 arma
652 1208 743 1281 milri
754 1221 887 1282 eontra
901 1233 996 1283 nova
1009 1220 1180 1281 monstra
1194 1206 1332 1280 moveri.

299 1325 452 1402 Numen
463 1323 697 1398 adorandum
711 1324 836 1420 pelagi
847 1324 943 1399 est.”
984 1323 1076 1396 Erat
1086 1324 1207 1397 ardua
1222 1323 1332 1407 turris,

298 1441 397 1516 Arce
416 1452 549 1540 patens
568 1462 735 1527 summa3
763 1439 872 1514 fessis
891 1441 974 1514 loca
991 1449 1098 1536 grata
1114 1437 1268 1512 carinis.

298 1689 353 1722 vero
370 1671 485 1729 defendit,
506 1671 588 1737 instro,
608 1681 636 1720 ut
651 1673 747 1737 elegans
767 1673 799 1721 sit
848 1674 929 1731 Quum
953 1679 1024 1722 antea
1046 1672 1175 1736 legaretur.
1202 1672 1263 1719 Aras
1287 1671 1337 1717 lm

299 1746 379 1811 imago
399 1744 507 1794 ardenter
526 1743 636 1810 petentis,
657 1754 682 1793 et
699 1747 799 1795 amantis
847 1764 940 1803 namma,
951 1746 1015 1811 quod
1031 1761 1088 1794 sane
1102 1744 1158 1793 serti
1174 1744 1337 1809 nequibattnra

299 1819 397 1868 fervide.
430 1818 501 1867 Certe
518 1817 559 1882 qui
575 1817 658 1866 divelli
674 1820 705 1867 ab
720 1819 800 1884 aliqua
848 1828 943 1886 propter
959 1835 1062 1875 sensum,
1079 1826 1132 1866 tum
1149 1816 1210 1882 qnia
1226 1832 1282 1865 moa
1296 1831 1338 1881 nu.
1378 1818 1381 1839 ¹

299 1907 325 1941 re
345 1892 437 1947 nolunt.
456 1893 522 1955 infiat
542 1900 567 1940 et
587 1891 650 1955 affini
670 1892 798 1942 dicuntur:
850 1898 916 1954 loco,¹
937 1894 1050 1943 Heinsius
1067 1908 1097 1942 es
1118 1892 1218 1957 ingenio
1236 1890 1338 1940 emendo·

300 1964 380 2029 isrsuso
401 1963 498 2013 dederat
518 1964 633 2014 Ciolanus
657 1983 686 2014 ex
707 1966 798 2027 tribos;
847 1971 899 2025 bat,
910 1969 989 2034 socos,
1004 1977 1029 2016 et
1045 1966 1146 2015 eandem
1161 1982 1188 2014 se
1205 1964 1339 2031 postulet·

300 2038 380 2087 cateri
401 2039 482 2101 infim.
528 2037 599 2102 Regii
620 2039 692 2088 nostri
713 2040 799 2104 insuto.
848 2042 936 2091 tionem
957 2042 982 2089 in
1001 2039 1077 2105 primo
1093 2039 1215 2087 Vaticano
1236 2038 1339 2103 reperiar

301 2110 452 2177 Disputatur,
469 2126 500 2159 an
517 2119 581 2159 recte
597 2111 800 2169 dicatur,mitrers
849 2116 957 2164 affirmat.
984 2111 1340 2177 Conjiciebststptatusduetu

299 2188 419 2234 omilium.
446 2184 800 2234 Historicisanedieuntnuai-
848 2188 944 2237 alterius
954 2183 1144 2241 Twisdenii,ubi
1158 2200 1175 2233 a
1188 2184 1341 2249 manuprims

301 2262 341 2316 lio,
355 2275 430 2323 quum
449 2258 530 2324 copias
550 2258 677 2308 auxiliares
694 2259 799 2309 indicare
849 2263 1004 2323 montom.
1027 2261 1173 2323 Quanquam
1184 2266 1341 2322 putaretne:-

301 2332 392 2388 volont,
413 2331 455 2381 sed
473 2338 551 2396 poeta
573 2331 642 2380 licuit
656 2333 799 2396 singularem
849 2344 912 2383 stare
919 2335 998 2399 soem,
1008 2342 1088 2381 tannen
1102 2347 1151 2380 non
1165 2330 1343 2396 rejieiebstsoei

301 2420 344 2469 pro
360 2404 447 2470 plurali
464 2419 560 2470 ponere.
593 2405 737 2469 Animosque,
753 2415 800 2455 eto.
849 2409 966 2473 velsoces.
1000 2409 1151 2456 Burmannus
1166 2414 1233 2455 rante
1248 2405 1343 2460 dubitat,

303 2480 369 2545 quia,
386 2479 406 2528 si
425 2480 491 2543 Ceyx
510 2480 535 2528 in
551 2478 593 2527 illo
610 2479 739 2528 certamine
757 2496 800 2545 pe·
851 2497 882 2530 an
892 2483 963 2547 focus
978 2496 1020 2546 pro
1035 2480 1109 2546 pharo
1128 2479 1186 2543 poni
1205 2478 1288 2544 possit,
1305 2477 1343 2526 ssd

301 2553 387 2610 riisset,
398 2553 560 2602 amantissima
570 2553 621 2618 ejus
636 2554 722 2617 conjux
734 2554 801 2602 noln·
850 2556 901 2604 sins
914 2570 988 2604 causa
1000 2553 1084 2603 durum
1098 2551 1120 2600 ei
1130 2551 1343 2616 videbatur,sseus,

301 2625 801 2693 issetipsisuperstesesse;iii.473.Nrm0
852 2630 900 2676 loon
914 2637 985 2692 grato
1001 2628 1096 2676 mnis.
1128 2625 1218 2689 ltaque
1232 2625 1344 2691 ampl‘nn·

300 2703 346 2749 dno
356 2704 561 2750 concordantium
569 2704 801 2761 moriemurinunn;
851 2700 909 2749 duro
928 2699 966 2748 hic
985 2707 1073 2754 censet,
1093 2712 1234 2762 quanquam
1251 2697 1301 2763 ipse
1319 2713 1344 2746 as

300 2773 419 2831 Tibullus,
435 2775 481 2822 IV.
495 2774 527 2821 iv.
541 2775 581 2822 nl.
599 2777 624 2822 in
642 2792 688 2822 nno
704 2773 801 2836 Corpore
850 2790 898 2823 ono
909 2772 1108 2836 Basilegregiarn
1118 2771 1248 2820 lectionem
1255 2772 1345 2836 profert,

301 2858 389 2897 servato
399 2851 523 2896 restituisse
533 2851 597 2897 duos.
851 2862 932 2913 quam,
953 2846 1090 2897 Schirachio
1115 2845 1190 2894 etiam
1218 2847 1345 2912 probatam,

333 2924 392 2969 999.
411 2923 516 2970 AEoor'des
531 2924 577 2976 illi,
594 2922 654 2983 eto]
677 2921 761 2969 Brevis
776 2932 801 2971 et
851 2922 975 2985 amplexus
993 2934 1053 2975 sum,
1073 2921 1133 2966 Arre
1151 2929 1235 2980 potens
1255 2936 1346 2968 sam.

301 2995 393 3044 urbana
403 2994 522 3058 responsio
534 2994 609 3043 Pelei.
636 2996 718 3042 Metus
727 2998 760 3056 pii
771 2994 801 3044 de
851 2994 952 3043 lentius
963 3002 1040 3041 autern
1051 2991 1146 3057 prefert
1154 2991 1236 3055 focas.
1248 3000 1274 3040 et
1284 2992 1347 3040 intel·

302 3069 380 3117 salute
398 3067 513 3132 conjugis,
532 3078 586 3116 sunt
601 3069 702 3129 pulchri,
714 3068 800 3132 regina
850 3068 903 3132 ligit
916 3083 991 3122 aram,
1003 3067 1028 3114 in
1039 3082 1087 3131 qus
1098 3075 1178 3114 nauta
1191 3075 1247 3114 vota
1263 3082 1304 3131 pro
1313 3081 1346 3114 sa·

301 3141 380 3191 decori
392 3149 446 3190 sunt
457 3149 481 3190 et
488 3140 577 3205 gloria.
602 3141 660 3188 Mox
671 3141 801 3190 Burmann.
851 3142 900 3190 luta
918 3141 1037 3190 solverint.
1071 3138 1118 3188 Sed
1136 3154 1184 3186 non
1202 3149 1272 3203 puto.
1288 3155 1347 3188 aram

301 3213 405 3271 dubitat,
427 3231 457 3263 an
473 3216 542 3276 pleon
563 3223 603 3269 est,
618 3222 665 3261 otc.
685 3222 749 3261 recte
771 3213 802 3261 sit
851 3214 876 3261 in
887 3223 965 3262 rnonte
974 3211 1192 3277 rectefoeumdici.
1220 3212 1348 3261 &cumina

301 3285 392 3335 dietum
409 3305 459 3352 pro,
471 3288 575 3337 concedo
592 3288 616 3335 in
631 3296 697 3336 tuam
708 3297 801 3336 senten·
851 3288 967 3336 montium
978 3287 1054 3349 poetis
1068 3301 1130 3333 orces
1140 3285 1198 3341 dici,
1209 3302 1284 3352 snpra
1293 3286 1349 3334 vidi·

302 3358 360 3406 tiom
381 3370 406 3407 et
426 3363 549 3425 obsequor.
583 3363 644 3409 Sane
669 3361 712 3409 hoc
730 3362 802 3409 verba
851 3376 912 3408 rous.
945 3361 974 3408 ln
985 3358 1108 3408 cacumina
1119 3359 1207 3407 montis
1220 3360 1350 3423 igiturerst

303 3432 400 3480 minime
417 3433 510 3482 dicunt.
546 3437 620 3482 Plena
639 3445 675 3482 est
691 3435 801 3499 plurima,
851 3438 927 3481 ardon
954 3438 1034 3488 turris,
1060 3432 1155 3496 pharus,
1182 3444 1273 3494 potens,
1300 3449 1349 3498 qua

304 3506 416 3554 maxima.
455 3506 597 3554 Promissum
619 3518 730 3563 vestrum,
752 3517 801 3557 stu·
852 3508 921 3572 longe
953 3507 1049 3571 lateque
1079 3505 1280 3570 conspiciebatur,
1306 3523 1351 3572 qao

304 3577 370 3625 dium
388 3587 490 3626 vostrum
512 3593 551 3625 me
573 3578 701 3642 adjuvandi
720 3578 801 3627 militi·
850 3594 921 3628 sensu
935 3581 1056 3642 eleganter
1068 3589 1154 3641 potm.
1187 3579 1351 3645 anueturris

303 3651 357 3707 bus,
368 3651 496 3715 plurimum
507 3651 588 3713 gratiss
598 3651 680 3699 habet.
705 3652 801 3702 Plenum
851 3652 1010 3716 nautisfessis,
1021 3651 1177 3701 diuturnitate
1188 3652 1282 3702 itineris
1295 3662 1351 3703 tern-

304 3723 339 3772 ita
349 3724 407 3780 diei,
419 3723 489 3772 docui
501 3723 531 3772 ad
543 3741 566 3772 ι.
578 3726 636 3773 290.
664 3725 717 3773 Non
726 3729 801 3788 ploos:
851 3735 1018 3791 pestatumque
1032 3725 1124 3773 savitia
1134 3724 1284 3791 defetigatis,
1294 3729 1352 3775 lass

304 3796 438 3846 eiormula
454 3796 545 3845 solenni
562 3797 701 3846 sententiam
719 3798 801 3848 dicen·
850 3810 941 3863 patus.
979 3799 1032 3848 Nisi
1051 3799 1123 3862 igitur
1142 3798 1194 3846 lunc
1213 3800 1286 3849 lectio
1301 3815 1352 3865 pm

302 3870 371 3920 tium.
405 3872 470 3918 Nom
480 3882 587 3928 monstro,
599 3872 669 3937 lupus
684 3882 708 3922 et
726 3874 801 3923 inusi·
851 3874 915 3922 lecta
926 3883 962 3922 est
973 3875 1003 3922 ab
1019 3873 1069 3938 ipso
1079 3872 1177 3928 Ouidio,
1189 3882 1257 3922 certa
1265 3889 1297 3922 eo
1306 3889 1351 3921 oon

301 3952 359 3994 tetra
370 3945 539 4010 magnitudinis
549 3955 574 3995 et
583 3947 628 3995 diri
640 3947 730 3996 luroris.
850 3945 949 4010 indigna
959 3948 1058 3997 videtur.
1092 3946 1187 3995 Carina
1198 3948 1258 4012 ipsa
1272 3964 1287 3996 e
1302 3947 1350 3995 lon·

335 4021 393 4069 ³92.
415 4019 507 4069 Nomen
530 4021 632 4086 Pelagi]
656 4022 783 4073 Psamatbe
793 4043 798 4070 :
850 4021 946 4085 ginquis
955 4022 1022 4071 terris
1031 4021 1157 4070 redeuntes
1167 4021 1243 4071 etiam
1251 4021 1284 4070 vi.
1293 4021 1351 4072 519.

303 4091 358 4145 sida
373 4110 465 4146 versum
483 4096 540 4145 399.
578 4095 610 4144 Hi
631 4111 712 4146 versus
731 4095 801 4145 valdo
842 4095 910 4158 sessa
921 4105 1041 4153 vocantur,
1053 4105 1080 4146 ut
1090 4095 1107 4146 i.
1117 4098 1175 4153 582.
1182 4096 1253 4162 fau
1266 4100 1352 4146 esrom·

304 4169 419 4220 vertrunt
452 4169 535 4221 Heius.
569 4178 594 4220 et
630 4171 800 4223 normannum.
850 4171 979 4219 busunde.
