<?xml version="1.0" encoding="UTF-8"?>
<!DOCTYPE html PUBLIC "-//W3C//DTD XHTML 1.0 Transitional//EN"
    "http://www.w3.org/TR/xhtml1/DTD/xhtml1-transitional.dtd">
<html xmlns="http://www.w3.org/1999/xhtml" xml:lang="en" lang="en">
 <head>
  <title>
</title>
<meta http-equiv="Content-Type" content="text/html;charset=utf-8" />
  <meta name='ocr-system' content='tesseract 3.04.00' />
  <meta name='ocr-capabilities' content='ocr_page ocr_carea ocr_par ocr_line ocrx_word'/>
</head>
<body>
  <div class='ocr_page' id='page_1' title='image "./povidiinasoniso05burmgoog_0378.png"; bbox 0 0 2774 5004; ppageno 0'>
   <div class='ocr_carea' id='block_1_1' title="bbox 233 334 1104 404">
    <p class='ocr_par' dir='ltr' id='par_1_1' title="bbox 233 334 1104 404">
     <span class='ocr_line' id='line_1_1' title="bbox 233 334 1104 404; baseline 0.003 -3"><span class='ocrx_word' id='word_1_1' title='bbox 233 334 702 403; x_wconf 83' lang='lat' dir='ltr'><strong>METAMORPHOSEON</strong></span> <span class='ocrx_word' id='word_1_2' title='bbox 726 335 818 402; x_wconf 87' lang='lat' dir='ltr'>LIB.</span> <span class='ocrx_word' id='word_1_3' title='bbox 841 335 946 402; x_wconf 79' lang='lat' dir='ltr'>xlv,</span> <span class='ocrx_word' id='word_1_4' title='bbox 1040 339 1104 404; x_wconf 80' lang='lat'>371</span> 
     </span>
    </p>
   </div>
   <div class='ocr_carea' id='block_1_2' title="bbox 50 507 1108 2336">
    <p class='ocr_par' dir='ltr' id='par_1_2' title="bbox 50 507 1108 2336">
     <span class='ocr_line' id='line_1_2' title="bbox 50 507 849 605; baseline 0 -23"><span class='ocrx_word' id='word_1_5' title='bbox 50 509 176 582; x_wconf 91' lang='lat' dir='ltr'>Utere</span> <span class='ocrx_word' id='word_1_6' title='bbox 194 508 349 583; x_wconf 87' lang='lat' dir='ltr'>tentatis</span> <span class='ocrx_word' id='word_1_7' title='bbox 366 530 534 605; x_wconf 85' lang='lat' dir='ltr'>operosae</span> <span class='ocrx_word' id='word_1_8' title='bbox 551 508 692 581; x_wconf 87' lang='lat' dir='ltr'>viribus</span> <span class='ocrx_word' id='word_1_9' title='bbox 709 507 849 583; x_wconf 85' lang='lat' dir='ltr'>herbae.</span> 
     </span>
     <span class='ocr_line' id='line_1_3' title="bbox 52 624 1102 722; baseline 0.004 -25"><span class='ocrx_word' id='word_1_10' title='bbox 52 624 140 699; x_wconf 90' lang='lat' dir='ltr'>Nec</span> <span class='ocrx_word' id='word_1_11' title='bbox 159 625 335 696; x_wconf 84' lang='lat' dir='ltr'>medeare</span> <span class='ocrx_word' id='word_1_12' title='bbox 352 624 455 711; x_wconf 91' lang='lat' dir='ltr'>mihi,</span> <span class='ocrx_word' id='word_1_13' title='bbox 475 648 663 722; x_wconf 90' lang='lat' dir='ltr'>sanesque</span> <span class='ocrx_word' id='word_1_14' title='bbox 682 625 762 697; x_wconf 85' lang='lat' dir='ltr'>haec</span> <span class='ocrx_word' id='word_1_15' title='bbox 781 624 935 699; x_wconf 90' lang='lat' dir='ltr'>vulnera</span> <span class='ocrx_word' id='word_1_16' title='bbox 952 627 1102 714; x_wconf 91' lang='lat' dir='ltr'>mando,</span> 
     </span>
     <span class='ocr_line' id='line_1_4' title="bbox 54 740 1067 839; baseline 0.004 -26"><span class='ocrx_word' id='word_1_17' title='bbox 54 741 230 837; x_wconf 88' lang='lat' dir='ltr'>Fineque</span> <span class='ocrx_word' id='word_1_18' title='bbox 247 740 299 813; x_wconf 92' lang='lat' dir='ltr'>nil</span> <span class='ocrx_word' id='word_1_19' title='bbox 317 764 413 838; x_wconf 88' lang='lat' dir='ltr'>opus</span> <span class='ocrx_word' id='word_1_20' title='bbox 431 750 510 815; x_wconf 89' lang='lat' dir='ltr'>est:</span> <span class='ocrx_word' id='word_1_21' title='bbox 539 753 685 839; x_wconf 91' lang='lat' dir='ltr'>partem</span> <span class='ocrx_word' id='word_1_22' title='bbox 703 741 798 815; x_wconf 90' lang='lat' dir='ltr'>serat</span> <span class='ocrx_word' id='word_1_23' title='bbox 815 741 878 814; x_wconf 90' lang='lat' dir='ltr'>illa</span> <span class='ocrx_word' id='word_1_24' title='bbox 895 744 1067 818; x_wconf 84' lang='lat' dir='ltr'>caloris.&#39;&#39;</span> 
     </span>
     <span class='ocr_line' id='line_1_5' title="bbox 54 855 1102 953; baseline 0.004 -24"><span class='ocrx_word' id='word_1_25' title='bbox 54 857 110 930; x_wconf 87' lang='lat' dir='ltr'>At</span> <span class='ocrx_word' id='word_1_26' title='bbox 123 856 236 930; x_wconf 89' lang='lat' dir='ltr'>Circe</span> <span class='ocrx_word' id='word_1_27' title='bbox 249 857 391 953; x_wconf 87' lang='lat' dir='ltr'>(neque</span> <span class='ocrx_word' id='word_1_28' title='bbox 404 855 504 928; x_wconf 91' lang='lat' dir='ltr'>enim</span> <span class='ocrx_word' id='word_1_29' title='bbox 517 855 677 929; x_wconf 89' lang='lat' dir='ltr'>flammis</span> <span class='ocrx_word' id='word_1_30' title='bbox 691 856 807 928; x_wconf 90' lang='lat' dir='ltr'>habet</span> <span class='ocrx_word' id='word_1_31' title='bbox 821 855 945 953; x_wconf 90' lang='lat' dir='ltr'>aptius</span> <span class='ocrx_word' id='word_1_32' title='bbox 961 858 1037 932; x_wconf 85' lang='lat' dir='ltr'>ulla</span> <span class='ocrx_word' id='word_1_33' title='bbox 1053 864 1102 933; x_wconf 87' lang='grc'>25</span> 
     </span>
     <span class='ocr_line' id='line_1_6' title="bbox 54 970 1050 1070; baseline 0.005 -27"><span class='ocrx_word' id='word_1_34' title='bbox 54 972 213 1045; x_wconf 85' lang='lat' dir='ltr'>Talibus</span> <span class='ocrx_word' id='word_1_35' title='bbox 231 970 443 1066; x_wconf 81' lang='lat' dir='ltr'>ingenium3</span> <span class='ocrx_word' id='word_1_36' title='bbox 475 995 542 1042; x_wconf 90' lang='lat' dir='ltr'>seu</span> <span class='ocrx_word' id='word_1_37' title='bbox 560 994 675 1043; x_wconf 89' lang='lat' dir='ltr'>causa</span> <span class='ocrx_word' id='word_1_38' title='bbox 692 981 752 1044; x_wconf 91' lang='lat' dir='ltr'>est</span> <span class='ocrx_word' id='word_1_39' title='bbox 769 971 882 1068; x_wconf 88' lang='lat' dir='ltr'>hujus</span> <span class='ocrx_word' id='word_1_40' title='bbox 901 971 938 1043; x_wconf 92' lang='lat' dir='ltr'>in</span> <span class='ocrx_word' id='word_1_41' title='bbox 957 973 1050 1070; x_wconf 89' lang='lat' dir='ltr'>ipsa,</span> 
     </span>
     <span class='ocr_line' id='line_1_7' title="bbox 56 1084 990 1182; baseline -0.001 -22"><span class='ocrx_word' id='word_1_42' title='bbox 56 1087 136 1160; x_wconf 91' lang='lat' dir='ltr'>Seu</span> <span class='ocrx_word' id='word_1_43' title='bbox 156 1085 285 1160; x_wconf 88' lang='lat' dir='ltr'>Venus</span> <span class='ocrx_word' id='word_1_44' title='bbox 303 1085 441 1158; x_wconf 91' lang='lat' dir='ltr'>indicio</span> <span class='ocrx_word' id='word_1_45' title='bbox 459 1084 636 1158; x_wconf 82' lang='lat' dir='ltr'>fecithoc</span> <span class='ocrx_word' id='word_1_46' title='bbox 655 1084 798 1158; x_wconf 88' lang='lat' dir='ltr'>offensa</span> <span class='ocrx_word' id='word_1_47' title='bbox 815 1087 990 1182; x_wconf 90' lang='lat' dir='ltr'>paterno)</span> 
     </span>
     <span class='ocr_line' id='line_1_8' title="bbox 54 1200 1082 1298; baseline 0.001 -23"><span class='ocrx_word' id='word_1_48' title='bbox 54 1202 165 1276; x_wconf 88' lang='lat' dir='ltr'>Talia</span> <span class='ocrx_word' id='word_1_49' title='bbox 182 1202 295 1274; x_wconf 90' lang='lat' dir='ltr'>verba</span> <span class='ocrx_word' id='word_1_50' title='bbox 313 1200 446 1276; x_wconf 81' lang='lat' dir='ltr'>refert:</span> <span class='ocrx_word' id='word_1_51' title='bbox 469 1209 492 1238; x_wconf 90' lang='lat'><strong>“</strong></span> <span class='ocrx_word' id='word_1_52' title='bbox 506 1200 646 1274; x_wconf 90' lang='lat' dir='ltr'>Melius</span> <span class='ocrx_word' id='word_1_53' title='bbox 665 1225 865 1298; x_wconf 89' lang='lat' dir='ltr'>sequerere</span> <span class='ocrx_word' id='word_1_54' title='bbox 882 1200 1082 1287; x_wconf 87' lang='lat' dir='ltr'>volentem,</span> 
     </span>
     <span class='ocr_line' id='line_1_9' title="bbox 56 1316 1084 1416; baseline -0.001 -25"><span class='ocrx_word' id='word_1_55' title='bbox 56 1319 343 1416; x_wconf 89' lang='lat' dir='ltr'>Optantemque</span> <span class='ocrx_word' id='word_1_56' title='bbox 358 1317 505 1401; x_wconf 90' lang='lat' dir='ltr'>eadem,</span> <span class='ocrx_word' id='word_1_57' title='bbox 526 1317 709 1414; x_wconf 91' lang='lat' dir='ltr'>parilique</span> <span class='ocrx_word' id='word_1_58' title='bbox 726 1316 903 1414; x_wconf 93' lang='lat' dir='ltr'>cupidine</span> <span class='ocrx_word' id='word_1_59' title='bbox 921 1330 1084 1415; x_wconf 86' lang='lat' dir='ltr'>captam.</span> 
     </span>
     <span class='ocr_line' id='line_1_10' title="bbox 56 1432 1103 1531; baseline 0 -25"><span class='ocrx_word' id='word_1_60' title='bbox 56 1434 208 1530; x_wconf 86' lang='lat' dir='ltr'>Dignus</span> <span class='ocrx_word' id='word_1_61' title='bbox 226 1440 329 1520; x_wconf 81' lang='lat' dir='ltr'>eras3</span> <span class='ocrx_word' id='word_1_62' title='bbox 359 1432 456 1506; x_wconf 95' lang='lat' dir='ltr'>ultro</span> <span class='ocrx_word' id='word_1_63' title='bbox 474 1443 625 1531; x_wconf 87' lang='lat' dir='ltr'>poteras</span> <span class='ocrx_word' id='word_1_64' title='bbox 643 1445 821 1530; x_wconf 87' lang='lat' dir='ltr'>certeque</span> <span class='ocrx_word' id='word_1_65' title='bbox 841 1434 979 1529; x_wconf 85' lang='lat' dir='ltr'>rogari:</span> <span class='ocrx_word' id='word_1_66' title='bbox 1054 1438 1103 1506; x_wconf 92' lang='grc'>30</span> 
     </span>
     <span class='ocr_line' id='line_1_11' title="bbox 56 1548 1069 1646; baseline -0.001 -24"><span class='ocrx_word' id='word_1_67' title='bbox 56 1548 122 1635; x_wconf 90' lang='lat' dir='ltr'>Et,</span> <span class='ocrx_word' id='word_1_68' title='bbox 143 1549 175 1620; x_wconf 91' lang='lat' dir='ltr'>si</span> <span class='ocrx_word' id='word_1_69' title='bbox 193 1571 300 1646; x_wconf 90' lang='lat' dir='ltr'>spem</span> <span class='ocrx_word' id='word_1_70' title='bbox 317 1548 478 1634; x_wconf 90' lang='lat' dir='ltr'>dederis,</span> <span class='ocrx_word' id='word_1_71' title='bbox 498 1549 588 1622; x_wconf 93' lang='lat' dir='ltr'>mihi</span> <span class='ocrx_word' id='word_1_72' title='bbox 606 1550 731 1635; x_wconf 90' lang='lat' dir='ltr'>crede,</span> <span class='ocrx_word' id='word_1_73' title='bbox 751 1548 941 1644; x_wconf 85' lang='lat' dir='ltr'>rogaberis</span> <span class='ocrx_word' id='word_1_74' title='bbox 959 1549 1069 1621; x_wconf 92' lang='lat' dir='ltr'>ultro.</span> 
     </span>
     <span class='ocr_line' id='line_1_12' title="bbox 57 1662 936 1760; baseline 0.001 -24"><span class='ocrx_word' id='word_1_75' title='bbox 57 1664 146 1739; x_wconf 94' lang='lat' dir='ltr'>Neu</span> <span class='ocrx_word' id='word_1_76' title='bbox 164 1664 328 1749; x_wconf 65' lang='lat' dir='ltr'>dubites</span> <span class='ocrx_word' id='word_1_77' title='bbox 348 1663 524 1760; x_wconf 85' lang='lat' dir='ltr'>absitque</span> <span class='ocrx_word' id='word_1_78' title='bbox 541 1676 616 1737; x_wconf 90' lang='lat' dir='ltr'>tuae</span> <span class='ocrx_word' id='word_1_79' title='bbox 634 1666 771 1737; x_wconf 88' lang='lat' dir='ltr'>fiducia</span> <span class='ocrx_word' id='word_1_80' title='bbox 788 1662 936 1737; x_wconf 89' lang='lat' dir='ltr'>sormae:</span> 
     </span>
     <span class='ocr_line' id='line_1_13' title="bbox 55 1778 1049 1877; baseline -0.002 -24"><span class='ocrx_word' id='word_1_81' title='bbox 55 1779 117 1853; x_wconf 87' lang='lat' dir='ltr'>En</span> <span class='ocrx_word' id='word_1_82' title='bbox 135 1803 219 1873; x_wconf 84' lang='lat' dir='ltr'>ego,</span> <span class='ocrx_word' id='word_1_83' title='bbox 238 1803 356 1877; x_wconf 92' lang='lat' dir='ltr'>quum</span> <span class='ocrx_word' id='word_1_84' title='bbox 376 1779 460 1852; x_wconf 87' lang='lat' dir='ltr'>Dea</span> <span class='ocrx_word' id='word_1_85' title='bbox 476 1780 560 1864; x_wconf 88' lang='lat' dir='ltr'>sim,</span> <span class='ocrx_word' id='word_1_86' title='bbox 580 1779 688 1852; x_wconf 90' lang='lat' dir='ltr'>nitidi</span> <span class='ocrx_word' id='word_1_87' title='bbox 707 1803 824 1876; x_wconf 92' lang='lat' dir='ltr'>quum</span> <span class='ocrx_word' id='word_1_88' title='bbox 841 1779 919 1852; x_wconf 87' lang='lat' dir='ltr'>lilia</span> <span class='ocrx_word' id='word_1_89' title='bbox 938 1778 1049 1865; x_wconf 88' lang='lat' dir='ltr'>Solis,</span> 
     </span>
     <span class='ocr_line' id='line_1_14' title="bbox 57 1893 1108 1991; baseline -0.001 -23"><span class='ocrx_word' id='word_1_90' title='bbox 57 1894 237 1968; x_wconf 90' lang='lat' dir='ltr'>Carmine</span> <span class='ocrx_word' id='word_1_91' title='bbox 264 1918 382 1991; x_wconf 92' lang='lat' dir='ltr'>quum</span> <span class='ocrx_word' id='word_1_92' title='bbox 412 1904 572 1980; x_wconf 88' lang='lat' dir='ltr'>tanturn,</span> <span class='ocrx_word' id='word_1_93' title='bbox 604 1906 750 1968; x_wconf 88' lang='lat' dir='ltr'>tanturn</span> <span class='ocrx_word' id='word_1_94' title='bbox 782 1919 900 1990; x_wconf 91' lang='lat' dir='ltr'>quum</span> <span class='ocrx_word' id='word_1_95' title='bbox 935 1893 1108 1990; x_wconf 85' lang='lat' dir='ltr'>gramine</span> 
     </span>
     <span class='ocr_line' id='line_1_15' title="bbox 212 2008 1104 2107; baseline 0.002 -27"><span class='ocrx_word' id='word_1_96' title='bbox 212 2008 367 2107; x_wconf 88' lang='lat' dir='ltr'>possim,</span> <span class='ocrx_word' id='word_1_97' title='bbox 1057 2013 1104 2082; x_wconf 87' lang='lat'>34</span> 
     </span>
     <span class='ocr_line' id='line_1_16' title="bbox 56 2123 1102 2223; baseline 0 -26"><span class='ocrx_word' id='word_1_98' title='bbox 56 2123 113 2197; x_wconf 92' lang='lat' dir='ltr'>Ut</span> <span class='ocrx_word' id='word_1_99' title='bbox 131 2134 198 2197; x_wconf 90' lang='lat' dir='ltr'>tua</span> <span class='ocrx_word' id='word_1_100' title='bbox 214 2124 297 2209; x_wconf 89' lang='lat' dir='ltr'>sim,</span> <span class='ocrx_word' id='word_1_101' title='bbox 315 2147 452 2197; x_wconf 91' lang='lat' dir='ltr'>voveo:</span> <span class='ocrx_word' id='word_1_102' title='bbox 482 2136 721 2222; x_wconf 87' lang='lat' dir='ltr'>spernentem</span> <span class='ocrx_word' id='word_1_103' title='bbox 739 2148 897 2223; x_wconf 87' lang='lat' dir='ltr'>sperne:</span> <span class='ocrx_word' id='word_1_104' title='bbox 927 2125 1102 2222; x_wconf 87' lang='lat' dir='ltr'>sequenti</span> 
     </span>
     <span class='ocr_line' id='line_1_17' title="bbox 56 2239 961 2336; baseline 0.001 -24"><span class='ocrx_word' id='word_1_105' title='bbox 56 2239 194 2312; x_wconf 89' lang='lat' dir='ltr'>Redde</span> <span class='ocrx_word' id='word_1_106' title='bbox 206 2239 325 2327; x_wconf 83' lang='lat' dir='ltr'>vices3</span> <span class='ocrx_word' id='word_1_107' title='bbox 348 2264 497 2336; x_wconf 89' lang='lat' dir='ltr'>unoque</span> <span class='ocrx_word' id='word_1_108' title='bbox 511 2240 606 2313; x_wconf 88' lang='lat' dir='ltr'>duas</span> <span class='ocrx_word' id='word_1_109' title='bbox 624 2239 806 2314; x_wconf 91' lang='lat' dir='ltr'>ulciscere</span> <span class='ocrx_word' id='word_1_110' title='bbox 824 2240 961 2314; x_wconf 82' lang='lat' dir='ltr'>fact0.&#39;&#39;</span> 
     </span>
    </p>
   </div>
   <div class='ocr_carea' id='block_1_3' title="bbox 44 2532 1107 4219">
    <p class='ocr_par' dir='ltr' id='par_1_3' title="bbox 44 2532 1105 2893">
     <span class='ocr_line' id='line_1_18' title="bbox 87 2532 1102 2598; baseline 0.001 -18"><span class='ocrx_word' id='word_1_111' title='bbox 87 2534 130 2580; x_wconf 81' lang='lat'>2⁴.</span> <span class='ocrx_word' id='word_1_112' title='bbox 154 2533 254 2596; x_wconf 79' lang='lat' dir='ltr'>Flnsqas</span> <span class='ocrx_word' id='word_1_113' title='bbox 271 2535 306 2581; x_wconf 75' lang='lat' dir='ltr'>nit</span> <span class='ocrx_word' id='word_1_114' title='bbox 322 2532 377 2598; x_wconf 84' lang='lat' dir='ltr'>(aut</span> <span class='ocrx_word' id='word_1_115' title='bbox 396 2549 449 2582; x_wconf 89' lang='lat' dir='ltr'>cum</span> <span class='ocrx_word' id='word_1_116' title='bbox 472 2535 554 2583; x_wconf 85' lang='lat' dir='ltr'>multis</span> <span class='ocrx_word' id='word_1_117' title='bbox 637 2535 677 2582; x_wconf 74' lang='lat'>³⁴2.</span> <span class='ocrx_word' id='word_1_118' title='bbox 694 2534 880 2596; x_wconf 42' lang='lat' dir='ltr'>Autisparate]</span> <span class='ocrx_word' id='word_1_119' title='bbox 906 2532 971 2582; x_wconf 86' lang='lat' dir='ltr'>Olim</span> <span class='ocrx_word' id='word_1_120' title='bbox 987 2532 1102 2581; x_wconf 85' lang='lat' dir='ltr'>edebatur</span> 
     </span>
     <span class='ocr_line' id='line_1_19' title="bbox 53 2606 1104 2671; baseline 0.003 -18"><span class='ocrx_word' id='word_1_121' title='bbox 53 2607 129 2654; x_wconf 86' lang='lat' dir='ltr'>MSS.</span> <span class='ocrx_word' id='word_1_122' title='bbox 146 2606 205 2655; x_wconf 78' lang='lat' dir='ltr'>Fine</span> <span class='ocrx_word' id='word_1_123' title='bbox 225 2609 298 2668; x_wconf 70' lang='lat' dir='ltr'>aare)</span> <span class='ocrx_word' id='word_1_124' title='bbox 319 2624 374 2669; x_wconf 80' lang='lat' dir='ltr'>opus</span> <span class='ocrx_word' id='word_1_125' title='bbox 395 2619 435 2656; x_wconf 80' lang='lat' dir='ltr'>est.</span> <span class='ocrx_word' id='word_1_126' title='bbox 467 2609 496 2657; x_wconf 93' lang='lat' dir='ltr'>ln</span> <span class='ocrx_word' id='word_1_127' title='bbox 518 2607 553 2656; x_wconf 79' lang='lat' dir='ltr'>iris</span> <span class='ocrx_word' id='word_1_128' title='bbox 603 2611 714 2671; x_wconf 80' lang='lat' dir='ltr'>nrtsr&#39;tqus,</span> <span class='ocrx_word' id='word_1_129' title='bbox 730 2609 809 2667; x_wconf 82' lang='lat' dir='ltr'>male3</span> <span class='ocrx_word' id='word_1_130' title='bbox 827 2623 923 2656; x_wconf 84' lang='lat' dir='ltr'>seusus:</span> <span class='ocrx_word' id='word_1_131' title='bbox 946 2608 984 2655; x_wconf 93' lang='lat' dir='ltr'>Ne</span> <span class='ocrx_word' id='word_1_132' title='bbox 1002 2607 1104 2664; x_wconf 84' lang='lat' dir='ltr'>dubites,</span> 
     </span>
     <span class='ocr_line' id='line_1_20' title="bbox 53 2679 1105 2747; baseline -0.002 -19"><span class='ocrx_word' id='word_1_133' title='bbox 53 2679 135 2728; x_wconf 82' lang='lat' dir='ltr'>serbis</span> <span class='ocrx_word' id='word_1_134' title='bbox 155 2680 240 2729; x_wconf 79' lang='lat' dir='ltr'>frustra</span> <span class='ocrx_word' id='word_1_135' title='bbox 261 2681 379 2730; x_wconf 76' lang='lat' dir='ltr'>haeserunt</span> <span class='ocrx_word' id='word_1_136' title='bbox 399 2681 551 2747; x_wconf 83' lang='lat' dir='ltr'>interpretes:</span> <span class='ocrx_word' id='word_1_137' title='bbox 604 2697 663 2730; x_wconf 84' lang='lat' dir='ltr'>neve</span> <span class='ocrx_word' id='word_1_138' title='bbox 674 2681 744 2736; x_wconf 87' lang='lat' dir='ltr'>absit,</span> <span class='ocrx_word' id='word_1_139' title='bbox 752 2688 798 2729; x_wconf 87' lang='lat' dir='ltr'>etc.</span> <span class='ocrx_word' id='word_1_140' title='bbox 809 2679 923 2728; x_wconf 83' lang='lat' dir='ltr'>Heinsius</span> <span class='ocrx_word' id='word_1_141' title='bbox 934 2679 1000 2727; x_wconf 81' lang='lat' dir='ltr'>malit</span> <span class='ocrx_word' id='word_1_142' title='bbox 1010 2681 1105 2727; x_wconf 76' lang='lat' dir='ltr'>absitve.</span> 
     </span>
     <span class='ocr_line' id='line_1_21' title="bbox 48 2752 1103 2819; baseline -0.002 -17"><span class='ocrx_word' id='word_1_143' title='bbox 48 2755 120 2819; x_wconf 83' lang='lat' dir='ltr'>justa</span> <span class='ocrx_word' id='word_1_144' title='bbox 142 2754 257 2819; x_wconf 85' lang='lat' dir='ltr'>oppositio</span> <span class='ocrx_word' id='word_1_145' title='bbox 281 2754 305 2803; x_wconf 89' lang='lat' dir='ltr'>in</span> <span class='ocrx_word' id='word_1_146' title='bbox 320 2756 395 2818; x_wconf 76' lang='lat' dir='ltr'>finire</span> <span class='ocrx_word' id='word_1_147' title='bbox 419 2767 442 2805; x_wconf 86' lang='lat' dir='ltr'>et</span> <span class='ocrx_word' id='word_1_148' title='bbox 466 2766 554 2819; x_wconf 80' lang='lat' dir='ltr'>purtem</span> <span class='ocrx_word' id='word_1_149' title='bbox 604 2755 757 2816; x_wconf 67' lang='lat' dir='ltr'>Spumantem,</span> <span class='ocrx_word' id='word_1_150' title='bbox 769 2755 882 2818; x_wconf 82' lang='lat' dir='ltr'>Scyllam.</span> <span class='ocrx_word' id='word_1_151' title='bbox 909 2752 1103 2816; x_wconf 78' lang='lat' dir='ltr'>Seqamti‚rnihi.</span> 
     </span>
     <span class='ocr_line' id='line_1_22' title="bbox 44 2824 1102 2893; baseline -0.003 -17"><span class='ocrx_word' id='word_1_152' title='bbox 44 2828 127 2893; x_wconf 82' lang='lat' dir='ltr'>serre.</span> <span class='ocrx_word' id='word_1_153' title='bbox 608 2829 701 2891; x_wconf 80' lang='lat' dir='ltr'>Unaque</span> <span class='ocrx_word' id='word_1_154' title='bbox 721 2831 778 2876; x_wconf 77' lang='lat' dir='ltr'>duos</span> <span class='ocrx_word' id='word_1_155' title='bbox 799 2829 907 2875; x_wconf 76' lang='lat' dir='ltr'>ulciscere</span> <span class='ocrx_word' id='word_1_156' title='bbox 920 2824 1000 2889; x_wconf 82' lang='lat' dir='ltr'>sacto.</span> <span class='ocrx_word' id='word_1_157' title='bbox 1039 2826 1102 2874; x_wconf 85' lang='lat' dir='ltr'>Bur·</span> 
     </span>
    </p>

    <p class='ocr_par' dir='ltr' id='par_1_4' title="bbox 52 2899 1106 3554">
     <span class='ocr_line' id='line_1_23' title="bbox 88 2899 1106 2966; baseline 0 -17"><span class='ocrx_word' id='word_1_158' title='bbox 88 2903 130 2951; x_wconf 81' lang='lat'>25.</span> <span class='ocrx_word' id='word_1_159' title='bbox 154 2903 187 2950; x_wconf 76' lang='lat' dir='ltr'>Ar</span> <span class='ocrx_word' id='word_1_160' title='bbox 209 2902 284 2958; x_wconf 79' lang='lat' dir='ltr'>circs,</span> <span class='ocrx_word' id='word_1_161' title='bbox 304 2920 384 2966; x_wconf 77' lang='lat' dir='ltr'>aeque.</span> <span class='ocrx_word' id='word_1_162' title='bbox 403 2903 462 2965; x_wconf 77' lang='lat' dir='ltr'>eto]</span> <span class='ocrx_word' id='word_1_163' title='bbox 485 2903 555 2954; x_wconf 84' lang='lat' dir='ltr'>Circe</span> <span class='ocrx_word' id='word_1_164' title='bbox 605 2917 705 2950; x_wconf 87' lang='lat' dir='ltr'>mannus</span> <span class='ocrx_word' id='word_1_165' title='bbox 723 2918 736 2950; x_wconf 88' lang='lat' dir='ltr'>e</span> <span class='ocrx_word' id='word_1_166' title='bbox 754 2900 871 2949; x_wconf 87' lang='lat' dir='ltr'>Vaticano</span> <span class='ocrx_word' id='word_1_167' title='bbox 890 2909 914 2947; x_wconf 88' lang='lat' dir='ltr'>et</span> <span class='ocrx_word' id='word_1_168' title='bbox 928 2899 1039 2964; x_wconf 15' lang='lat' dir='ltr'>quinque*</span> <span class='ocrx_word' id='word_1_169' title='bbox 1051 2899 1106 2949; x_wconf 79' lang='lat' dir='ltr'>aliis</span> 
     </span>
     <span class='ocr_line' id='line_1_24' title="bbox 52 2971 1105 3041; baseline -0.003 -18"><span class='ocrx_word' id='word_1_170' title='bbox 52 2975 109 3040; x_wconf 87' lang='lat' dir='ltr'>ipss</span> <span class='ocrx_word' id='word_1_171' title='bbox 120 2991 198 3024; x_wconf 79' lang='lat' dir='ltr'>amore</span> <span class='ocrx_word' id='word_1_172' title='bbox 214 2976 316 3026; x_wconf 80' lang='lat' dir='ltr'>ardescit</span> <span class='ocrx_word' id='word_1_173' title='bbox 326 2978 446 3041; x_wconf 89' lang='lat' dir='ltr'>conspecti</span> <span class='ocrx_word' id='word_1_174' title='bbox 458 2977 555 3028; x_wconf 87' lang='lat' dir='ltr'>Glauci.</span> <span class='ocrx_word' id='word_1_175' title='bbox 605 2986 724 3040; x_wconf 82' lang='lat' dir='ltr'>receperat</span> <span class='ocrx_word' id='word_1_176' title='bbox 735 2978 798 3031; x_wconf 80' lang='lat' dir='ltr'>duos,</span> <span class='ocrx_word' id='word_1_177' title='bbox 809 2973 861 3023; x_wconf 84' lang='lat' dir='ltr'>scil.</span> <span class='ocrx_word' id='word_1_178' title='bbox 883 2973 1003 3022; x_wconf 86' lang='lat' dir='ltr'>Glaucum</span> <span class='ocrx_word' id='word_1_179' title='bbox 1015 2981 1039 3021; x_wconf 89' lang='lat' dir='ltr'>et</span> <span class='ocrx_word' id='word_1_180' title='bbox 1052 2971 1105 3021; x_wconf 91' lang='lat' dir='ltr'>Cir·</span> 
     </span>
     <span class='ocr_line' id='line_1_25' title="bbox 52 3048 1106 3109; baseline -0.003 -11"><span class='ocrx_word' id='word_1_181' title='bbox 52 3050 129 3098; x_wconf 85' lang='lat' dir='ltr'>Hunc</span> <span class='ocrx_word' id='word_1_182' title='bbox 144 3065 248 3098; x_wconf 81' lang='lat' dir='ltr'>amorem</span> <span class='ocrx_word' id='word_1_183' title='bbox 263 3061 396 3098; x_wconf 84' lang='lat' dir='ltr'>memorant</span> <span class='ocrx_word' id='word_1_184' title='bbox 408 3050 484 3099; x_wconf 84' lang='lat' dir='ltr'>etalii</span> <span class='ocrx_word' id='word_1_185' title='bbox 499 3066 555 3099; x_wconf 87' lang='lat' dir='ltr'>auc·</span> <span class='ocrx_word' id='word_1_186' title='bbox 604 3064 668 3109; x_wconf 91' lang='lat' dir='ltr'>cen;</span> <span class='ocrx_word' id='word_1_187' title='bbox 694 3049 794 3098; x_wconf 83' lang='lat' dir='ltr'>eandem</span> <span class='ocrx_word' id='word_1_188' title='bbox 821 3048 950 3096; x_wconf 89' lang='lat' dir='ltr'>lectionem</span> <span class='ocrx_word' id='word_1_189' title='bbox 971 3054 1106 3096; x_wconf 86' lang='lat' dir='ltr'>servaverat</span> 
     </span>
     <span class='ocr_line' id='line_1_26' title="bbox 54 3121 1105 3189; baseline -0.002 -19"><span class='ocrx_word' id='word_1_190' title='bbox 54 3133 128 3171; x_wconf 86' lang='lat' dir='ltr'>tores.</span> <span class='ocrx_word' id='word_1_191' title='bbox 162 3125 245 3185; x_wconf 81' lang='lat' dir='ltr'>Aptius</span> <span class='ocrx_word' id='word_1_192' title='bbox 261 3139 290 3171; x_wconf 82' lang='lat' dir='ltr'>ex</span> <span class='ocrx_word' id='word_1_193' title='bbox 308 3139 372 3173; x_wconf 84' lang='lat' dir='ltr'>mora</span> <span class='ocrx_word' id='word_1_194' title='bbox 389 3123 461 3172; x_wconf 88' lang='lat' dir='ltr'>nostri</span> <span class='ocrx_word' id='word_1_195' title='bbox 478 3133 555 3189; x_wconf 71' lang='lat' dir='ltr'>poete</span> <span class='ocrx_word' id='word_1_196' title='bbox 605 3122 741 3187; x_wconf 75' lang='lat' dir='ltr'>Gierigius5</span> <span class='ocrx_word' id='word_1_197' title='bbox 766 3138 810 3187; x_wconf 82' lang='lat' dir='ltr'>ego</span> <span class='ocrx_word' id='word_1_198' title='bbox 836 3121 939 3185; x_wconf 85' lang='lat' dir='ltr'>priscam</span> <span class='ocrx_word' id='word_1_199' title='bbox 967 3135 1058 3176; x_wconf 86' lang='lat' dir='ltr'>revoco,</span> <span class='ocrx_word' id='word_1_200' title='bbox 1077 3127 1105 3168; x_wconf 86' lang='lat' dir='ltr'>ut</span> 
     </span>
     <span class='ocr_line' id='line_1_27' title="bbox 52 3192 1101 3260; baseline -0.008 -13"><span class='ocrx_word' id='word_1_201' title='bbox 52 3205 92 3247; x_wconf 85' lang='lat' dir='ltr'>est</span> <span class='ocrx_word' id='word_1_202' title='bbox 103 3196 313 3252; x_wconf 83' lang='lat' dir='ltr'>accommodatius,</span> <span class='ocrx_word' id='word_1_203' title='bbox 322 3196 384 3260; x_wconf 91' lang='lat' dir='ltr'>quod</span> <span class='ocrx_word' id='word_1_204' title='bbox 396 3197 467 3245; x_wconf 86' lang='lat' dir='ltr'>citius</span> <span class='ocrx_word' id='word_1_205' title='bbox 477 3198 556 3246; x_wconf 88' lang='lat' dir='ltr'>conci·</span> <span class='ocrx_word' id='word_1_206' title='bbox 605 3200 662 3244; x_wconf 76' lang='lat' dir='ltr'>ditas</span> <span class='ocrx_word' id='word_1_207' title='bbox 674 3198 787 3245; x_wconf 77' lang='lat' dir='ltr'>reseratur</span> <span class='ocrx_word' id='word_1_208' title='bbox 801 3195 832 3243; x_wconf 81' lang='lat' dir='ltr'>ad</span> <span class='ocrx_word' id='word_1_209' title='bbox 844 3194 949 3258; x_wconf 83' lang='lat' dir='ltr'>Scyllam</span> <span class='ocrx_word' id='word_1_210' title='bbox 965 3203 990 3241; x_wconf 85' lang='lat' dir='ltr'>et</span> <span class='ocrx_word' id='word_1_211' title='bbox 1001 3192 1101 3242; x_wconf 85' lang='lat' dir='ltr'>Circen:</span> 
     </span>
     <span class='ocr_line' id='line_1_28' title="bbox 54 3266 1104 3336; baseline -0.004 -17"><span class='ocrx_word' id='word_1_212' title='bbox 54 3271 91 3336; x_wconf 88' lang='lat' dir='ltr'>pit</span> <span class='ocrx_word' id='word_1_213' title='bbox 113 3285 233 3328; x_wconf 68' lang='lat' dir='ltr'>amorem</span> <span class='ocrx_word' id='word_1_214' title='bbox 260 3270 375 3318; x_wconf 88' lang='lat' dir='ltr'>Burman.</span> <span class='ocrx_word' id='word_1_215' title='bbox 410 3270 497 3333; x_wconf 79' lang='lat' dir='ltr'>Hujus,</span> <span class='ocrx_word' id='word_1_216' title='bbox 519 3272 554 3320; x_wconf 90' lang='lat' dir='ltr'>in·</span> <span class='ocrx_word' id='word_1_217' title='bbox 605 3279 686 3319; x_wconf 88' lang='lat' dir='ltr'>notum</span> <span class='ocrx_word' id='word_1_218' title='bbox 703 3280 739 3318; x_wconf 83' lang='lat' dir='ltr'>est</span> <span class='ocrx_word' id='word_1_219' title='bbox 755 3270 837 3318; x_wconf 84' lang='lat' dir='ltr'>vocab.</span> <span class='ocrx_word' id='word_1_220' title='bbox 848 3268 928 3317; x_wconf 82' lang='lat' dir='ltr'>alcisci</span> <span class='ocrx_word' id='word_1_221' title='bbox 945 3269 1042 3331; x_wconf 80' lang='lat' dir='ltr'>aliquem</span> <span class='ocrx_word' id='word_1_222' title='bbox 1059 3266 1104 3315; x_wconf 90' lang='lat' dir='ltr'>du·</span> 
     </span>
     <span class='ocr_line' id='line_1_29' title="bbox 52 3342 1105 3415; baseline -0.002 -23"><span class='ocrx_word' id='word_1_223' title='bbox 52 3342 119 3409; x_wconf 79' lang='lat' dir='ltr'>genii</span> <span class='ocrx_word' id='word_1_224' title='bbox 146 3360 166 3392; x_wconf 83' lang='lat' dir='ltr'>s.</span> <span class='ocrx_word' id='word_1_225' title='bbox 189 3343 300 3415; x_wconf 84' lang='lat' dir='ltr'>pectoris.</span> <span class='ocrx_word' id='word_1_226' title='bbox 334 3342 424 3391; x_wconf 77' lang='lat' dir='ltr'>Indicio</span> <span class='ocrx_word' id='word_1_227' title='bbox 448 3353 554 3404; x_wconf 75' lang='lat' dir='ltr'>paterno,</span> <span class='ocrx_word' id='word_1_228' title='bbox 604 3345 692 3410; x_wconf 89' lang='lat' dir='ltr'>plicem</span> <span class='ocrx_word' id='word_1_229' title='bbox 714 3360 765 3393; x_wconf 87' lang='lat' dir='ltr'>esse</span> <span class='ocrx_word' id='word_1_230' title='bbox 786 3343 996 3408; x_wconf 80' lang='lat' dir='ltr'>significationem:</span> <span class='ocrx_word' id='word_1_231' title='bbox 1022 3342 1105 3406; x_wconf 84' lang='lat' dir='ltr'>punire</span> 
     </span>
     <span class='ocr_line' id='line_1_30' title="bbox 53 3406 1104 3475; baseline -0.002 -19"><span class='ocrx_word' id='word_1_232' title='bbox 53 3410 113 3474; x_wconf 83' lang='lat' dir='ltr'>quia</span> <span class='ocrx_word' id='word_1_233' title='bbox 128 3406 170 3456; x_wconf 80' lang='lat' dir='ltr'>Sol</span> <span class='ocrx_word' id='word_1_234' title='bbox 188 3406 336 3455; x_wconf 75' lang='lat' dir='ltr'>indicaverat</span> <span class='ocrx_word' id='word_1_235' title='bbox 346 3407 444 3456; x_wconf 88' lang='lat' dir='ltr'>Veneris</span> <span class='ocrx_word' id='word_1_236' title='bbox 462 3408 555 3456; x_wconf 86' lang='lat' dir='ltr'>adulte·</span> <span class='ocrx_word' id='word_1_237' title='bbox 604 3418 704 3474; x_wconf 63' lang='lat' dir='ltr'>scilicet,</span> <span class='ocrx_word' id='word_1_238' title='bbox 724 3427 748 3465; x_wconf 59' lang='grc' dir='ltr'>ει</span> <span class='ocrx_word' id='word_1_239' title='bbox 769 3415 898 3464; x_wconf 66' lang='lat' dir='ltr'>vindicare,</span> <span class='ocrx_word' id='word_1_240' title='bbox 940 3419 1022 3475; x_wconf 69' lang='lat' dir='ltr'>Qum</span> <span class='ocrx_word' id='word_1_241' title='bbox 1041 3415 1104 3465; x_wconf 67' lang='lat' dir='ltr'>bom</span> 
     </span>
     <span class='ocr_line' id='line_1_31' title="bbox 53 3488 1106 3554; baseline -0.001 -14"><span class='ocrx_word' id='word_1_242' title='bbox 53 3491 133 3551; x_wconf 79' lang='lat' dir='ltr'>rium3</span> <span class='ocrx_word' id='word_1_243' title='bbox 150 3491 182 3537; x_wconf 88' lang='lat' dir='ltr'>iv.</span> <span class='ocrx_word' id='word_1_244' title='bbox 196 3491 239 3536; x_wconf 88' lang='grc'>171</span> <span class='ocrx_word' id='word_1_245' title='bbox 252 3506 305 3554; x_wconf 83' lang='lat' dir='ltr'>sqq.</span> <span class='ocrx_word' id='word_1_246' title='bbox 605 3499 655 3537; x_wconf 90' lang='lat' dir='ltr'>erat</span> <span class='ocrx_word' id='word_1_247' title='bbox 672 3490 770 3553; x_wconf 81' lang='lat' dir='ltr'>antiqua</span> <span class='ocrx_word' id='word_1_248' title='bbox 785 3488 856 3537; x_wconf 90' lang='lat' dir='ltr'>lectio</span> <span class='ocrx_word' id='word_1_249' title='bbox 874 3504 928 3553; x_wconf 85' lang='lat' dir='ltr'>quae</span> <span class='ocrx_word' id='word_1_250' title='bbox 947 3488 1061 3553; x_wconf 82' lang='lat' dir='ltr'>reperitur</span> <span class='ocrx_word' id='word_1_251' title='bbox 1081 3489 1106 3540; x_wconf 86' lang='lat' dir='ltr'>in</span> 
     </span>
    </p>

    <p class='ocr_par' dir='ltr' id='par_1_5' title="bbox 52 3560 1107 3924">
     <span class='ocr_line' id='line_1_32' title="bbox 87 3560 1106 3628; baseline -0.003 -15"><span class='ocrx_word' id='word_1_252' title='bbox 87 3567 130 3613; x_wconf 79' lang='lat'>28.</span> <span class='ocrx_word' id='word_1_253' title='bbox 156 3565 285 3626; x_wconf 76' lang='lat' dir='ltr'>Sequente,</span> <span class='ocrx_word' id='word_1_254' title='bbox 305 3572 406 3628; x_wconf 80' lang='lat' dir='ltr'>peteres.</span> <span class='ocrx_word' id='word_1_255' title='bbox 443 3563 556 3612; x_wconf 75' lang='lat' dir='ltr'>Valentem</span> <span class='ocrx_word' id='word_1_256' title='bbox 605 3563 727 3612; x_wconf 86' lang='lat' dir='ltr'>codicibus</span> <span class='ocrx_word' id='word_1_257' title='bbox 739 3563 837 3628; x_wconf 77' lang='lat' dir='ltr'>Regiis3</span> <span class='ocrx_word' id='word_1_258' title='bbox 854 3571 878 3610; x_wconf 88' lang='lat' dir='ltr'>et</span> <span class='ocrx_word' id='word_1_259' title='bbox 890 3562 950 3610; x_wconf 90' lang='lat' dir='ltr'>bene</span> <span class='ocrx_word' id='word_1_260' title='bbox 966 3560 1106 3626; x_wconf 48' lang='lat' dir='ltr'>interpret&amp;</span> 
     </span>
     <span class='ocr_line' id='line_1_33' title="bbox 52 3636 1105 3707; baseline -0.004 -18"><span class='ocrx_word' id='word_1_261' title='bbox 52 3639 163 3689; x_wconf 79' lang='lat' dir='ltr'>absolute</span> <span class='ocrx_word' id='word_1_262' title='bbox 173 3637 226 3702; x_wconf 85' lang='lat' dir='ltr'>capi</span> <span class='ocrx_word' id='word_1_263' title='bbox 239 3648 323 3701; x_wconf 85' lang='lat' dir='ltr'>potest,</span> <span class='ocrx_word' id='word_1_264' title='bbox 336 3638 451 3685; x_wconf 84' lang='lat' dir='ltr'>volentem</span> <span class='ocrx_word' id='word_1_265' title='bbox 468 3640 556 3699; x_wconf 87' lang='lat' dir='ltr'>amari;</span> <span class='ocrx_word' id='word_1_266' title='bbox 605 3647 644 3685; x_wconf 88' lang='lat' dir='ltr'>tus</span> <span class='ocrx_word' id='word_1_267' title='bbox 658 3648 695 3686; x_wconf 90' lang='lat' dir='ltr'>est</span> <span class='ocrx_word' id='word_1_268' title='bbox 709 3639 824 3702; x_wconf 79' lang='lat' dir='ltr'>glossator</span> <span class='ocrx_word' id='word_1_269' title='bbox 836 3636 1009 3685; x_wconf 83' lang='lat' dir='ltr'>vetustissimus</span> <span class='ocrx_word' id='word_1_270' title='bbox 1018 3637 1050 3707; x_wconf 28' lang='lat' dir='ltr'>&#39;in</span> <span class='ocrx_word' id='word_1_271' title='bbox 1067 3652 1105 3685; x_wconf 87' lang='lat' dir='ltr'>co·</span> 
     </span>
     <span class='ocr_line' id='line_1_34' title="bbox 53 3710 1107 3762; baseline -0.004 -1"><span class='ocrx_word' id='word_1_272' title='bbox 53 3712 110 3762; x_wconf 84' lang='lat' dir='ltr'>vide</span> <span class='ocrx_word' id='word_1_273' title='bbox 124 3711 209 3759; x_wconf 84' lang='lat' dir='ltr'>Heius.</span> <span class='ocrx_word' id='word_1_274' title='bbox 222 3710 253 3758; x_wconf 81' lang='lat' dir='ltr'>ad</span> <span class='ocrx_word' id='word_1_275' title='bbox 267 3711 292 3758; x_wconf 88' lang='lat' dir='ltr'>ii.</span> <span class='ocrx_word' id='word_1_276' title='bbox 307 3712 360 3758; x_wconf 78' lang='lat'>128.</span> <span class='ocrx_word' id='word_1_277' title='bbox 392 3710 460 3758; x_wconf 86' lang='lat' dir='ltr'>ldem</span> <span class='ocrx_word' id='word_1_278' title='bbox 475 3721 553 3760; x_wconf 86' lang='lat' dir='ltr'>autern</span> <span class='ocrx_word' id='word_1_279' title='bbox 604 3711 659 3760; x_wconf 89' lang='lat' dir='ltr'>dice</span> <span class='ocrx_word' id='word_1_280' title='bbox 671 3713 701 3760; x_wconf 91' lang='lat' dir='ltr'>B.</span> <span class='ocrx_word' id='word_1_281' title='bbox 712 3712 749 3761; x_wconf 87' lang='lat' dir='ltr'>his</span> <span class='ocrx_word' id='word_1_282' title='bbox 760 3728 813 3760; x_wconf 87' lang='lat' dir='ltr'>voc.</span> <span class='ocrx_word' id='word_1_283' title='bbox 825 3714 894 3760; x_wconf 76' lang='lat' dir='ltr'>redde</span> <span class='ocrx_word' id='word_1_284' title='bbox 904 3716 962 3760; x_wconf 82' lang='lat' dir='ltr'>vices</span> <span class='ocrx_word' id='word_1_285' title='bbox 977 3712 1038 3759; x_wconf 81' lang='lat' dir='ltr'>nobis</span> <span class='ocrx_word' id='word_1_286' title='bbox 1048 3713 1107 3758; x_wconf 82' lang='lat' dir='ltr'>dan-</span> 
     </span>
     <span class='ocr_line' id='line_1_35' title="bbox 52 3782 1106 3849; baseline -0.005 -14"><span class='ocrx_word' id='word_1_287' title='bbox 52 3803 135 3835; x_wconf 84' lang='lat' dir='ltr'>rursus</span> <span class='ocrx_word' id='word_1_288' title='bbox 156 3796 192 3833; x_wconf 90' lang='lat' dir='ltr'>ter</span> <span class='ocrx_word' id='word_1_289' title='bbox 212 3785 281 3838; x_wconf 79' lang='lat' dir='ltr'>dixit.</span> <span class='ocrx_word' id='word_1_290' title='bbox 304 3787 421 3841; x_wconf 81' lang='lat' dir='ltr'>colentem,</span> <span class='ocrx_word' id='word_1_291' title='bbox 442 3795 554 3847; x_wconf 82' lang='lat' dir='ltr'>optantem</span> <span class='ocrx_word' id='word_1_292' title='bbox 605 3787 645 3832; x_wconf 73' lang='lat' dir='ltr'>lius</span> <span class='ocrx_word' id='word_1_293' title='bbox 662 3785 835 3849; x_wconf 71' lang='lat' dir='ltr'>incinefacta.</span> <span class='ocrx_word' id='word_1_294' title='bbox 869 3785 936 3832; x_wconf 84' lang='lat' dir='ltr'>Idem</span> <span class='ocrx_word' id='word_1_295' title='bbox 949 3783 1008 3831; x_wconf 86' lang='lat' dir='ltr'>vidit</span> <span class='ocrx_word' id='word_1_296' title='bbox 1025 3782 1106 3830; x_wconf 87' lang='lat' dir='ltr'>Nostri</span> 
     </span>
     <span class='ocr_line' id='line_1_36' title="bbox 53 3855 1105 3924; baseline -0.005 -18"><span class='ocrx_word' id='word_1_297' title='bbox 53 3863 141 3922; x_wconf 59' lang='lat' dir='ltr'>endan,</span> <span class='ocrx_word' id='word_1_298' title='bbox 150 3861 222 3921; x_wconf 81' lang='lat' dir='ltr'>parili</span> <span class='ocrx_word' id='word_1_299' title='bbox 234 3862 341 3920; x_wconf 81' lang='lat' dir='ltr'>cupidius</span> <span class='ocrx_word' id='word_1_300' title='bbox 351 3868 447 3918; x_wconf 82' lang='lat' dir='ltr'>coptam.</span> <span class='ocrx_word' id='word_1_301' title='bbox 605 3858 720 3924; x_wconf 87' lang='lat' dir='ltr'>interpres</span> <span class='ocrx_word' id='word_1_302' title='bbox 737 3861 836 3908; x_wconf 70' lang='lat' dir='ltr'>Graecus</span> <span class='ocrx_word' id='word_1_303' title='bbox 853 3856 983 3910; x_wconf 79' lang='lat' dir='ltr'>Planntles¹</span> <span class='ocrx_word' id='word_1_304' title='bbox 995 3855 1035 3918; x_wconf 92' lang='lat' dir='ltr'>qui</span> <span class='ocrx_word' id='word_1_305' title='bbox 1053 3871 1105 3902; x_wconf 89' lang='lat' dir='ltr'>ver-</span> 
     </span>
    </p>

    <p class='ocr_par' dir='ltr' id='par_1_6' title="bbox 51 3928 1105 4219">
     <span class='ocr_line' id='line_1_37' title="bbox 86 3928 1105 4001; baseline -0.008 -20"><span class='ocrx_word' id='word_1_306' title='bbox 86 3936 127 3982; x_wconf 78' lang='lat'>30.</span> <span class='ocrx_word' id='word_1_307' title='bbox 146 3931 274 3995; x_wconf 58' lang='lat' dir='ltr'>Certaque]</span> <span class='ocrx_word' id='word_1_308' title='bbox 287 3935 321 3982; x_wconf 84' lang='grc' dir='ltr'>Τὸ</span> <span class='ocrx_word' id='word_1_309' title='bbox 330 3950 372 3995; x_wconf 83' lang='lat' dir='ltr'>qus</span> <span class='ocrx_word' id='word_1_310' title='bbox 383 3933 408 3980; x_wconf 92' lang='lat' dir='ltr'>in</span> <span class='ocrx_word' id='word_1_311' title='bbox 416 3934 510 3980; x_wconf 87' lang='lat' dir='ltr'>tertium</span> <span class='ocrx_word' id='word_1_312' title='bbox 519 3932 554 3981; x_wconf 89' lang='lat' dir='ltr'>lo·</span> <span class='ocrx_word' id='word_1_313' title='bbox 605 3932 647 3979; x_wconf 87' lang='lat' dir='ltr'>tit:</span> <span class='ocrx_word' id='word_1_314' title='bbox 659 3934 708 3991; x_wconf 77' lang='grc' dir='ltr'>τὴν</span> <span class='ocrx_word' id='word_1_315' title='bbox 718 3934 763 3995; x_wconf 76' lang='grc' dir='ltr'>μὲν</span> <span class='ocrx_word' id='word_1_316' title='bbox 774 3932 879 3995; x_wconf 76' lang='grc' dir='ltr'>τιμώρει,</span> <span class='ocrx_word' id='word_1_317' title='bbox 893 3933 940 3988; x_wconf 74' lang='grc' dir='ltr'>τὴν</span> <span class='ocrx_word' id='word_1_318' title='bbox 955 3928 979 3977; x_wconf 78' lang='lat' dir='ltr'>dt</span> <span class='ocrx_word' id='word_1_319' title='bbox 991 3930 1105 4001; x_wconf 65' lang='grc' dir='ltr'>τιμωροῦ.</span> 
     </span>
     <span class='ocr_line' id='line_1_38' title="bbox 51 4000 1104 4071; baseline -0.009 -15"><span class='ocrx_word' id='word_1_320' title='bbox 51 4023 110 4057; x_wconf 88' lang='lat' dir='ltr'>cunr</span> <span class='ocrx_word' id='word_1_321' title='bbox 121 4007 271 4061; x_wconf 85' lang='lat' dir='ltr'>translatum,</span> <span class='ocrx_word' id='word_1_322' title='bbox 281 4016 307 4054; x_wconf 91' lang='lat' dir='ltr'>ut</span> <span class='ocrx_word' id='word_1_323' title='bbox 317 4005 419 4071; x_wconf 81' lang='lat' dir='ltr'>saepius;</span> <span class='ocrx_word' id='word_1_324' title='bbox 430 4006 484 4055; x_wconf 85' lang='lat' dir='ltr'>vide</span> <span class='ocrx_word' id='word_1_325' title='bbox 493 4007 553 4055; x_wconf 87' lang='lat' dir='ltr'>Bur·</span> <span class='ocrx_word' id='word_1_326' title='bbox 605 4020 677 4053; x_wconf 87' lang='lat' dir='ltr'>unam</span> <span class='ocrx_word' id='word_1_327' title='bbox 690 4005 783 4068; x_wconf 84' lang='lat' dir='ltr'>punias,</span> <span class='ocrx_word' id='word_1_328' title='bbox 796 4005 894 4052; x_wconf 82' lang='lat' dir='ltr'>alteram</span> <span class='ocrx_word' id='word_1_329' title='bbox 906 4001 1020 4048; x_wconf 82' lang='lat' dir='ltr'>vindices.</span> <span class='ocrx_word' id='word_1_330' title='bbox 1045 4000 1104 4047; x_wconf 83' lang='lat' dir='ltr'>Mox</span> 
     </span>
     <span class='ocr_line' id='line_1_39' title="bbox 53 4071 1105 4145; baseline -0.013 -15"><span class='ocrx_word' id='word_1_331' title='bbox 53 4096 178 4137; x_wconf 81' lang='lat' dir='ltr'>mannum,</span> <span class='ocrx_word' id='word_1_332' title='bbox 189 4079 231 4145; x_wconf 87' lang='lat' dir='ltr'>qui</span> <span class='ocrx_word' id='word_1_333' title='bbox 248 4087 327 4127; x_wconf 85' lang='lat' dir='ltr'>taruen</span> <span class='ocrx_word' id='word_1_334' title='bbox 345 4078 421 4135; x_wconf 76' lang='lat' dir='ltr'>malit,</span> <span class='ocrx_word' id='word_1_335' title='bbox 433 4097 475 4141; x_wconf 79' lang='lat' dir='ltr'>per</span> <span class='ocrx_word' id='word_1_336' title='bbox 492 4090 555 4142; x_wconf 77' lang='lat' dir='ltr'>teque</span> <span class='ocrx_word' id='word_1_337' title='bbox 606 4079 719 4127; x_wconf 87' lang='lat' dir='ltr'>lleinsius</span> <span class='ocrx_word' id='word_1_338' title='bbox 730 4095 771 4143; x_wconf 92' lang='lat' dir='ltr'>pro</span> <span class='ocrx_word' id='word_1_339' title='bbox 774 4079 843 4142; x_wconf 77' lang='lat' dir='ltr'>facto</span> <span class='ocrx_word' id='word_1_340' title='bbox 851 4076 945 4124; x_wconf 86' lang='lat' dir='ltr'>volebat</span> <span class='ocrx_word' id='word_1_341' title='bbox 953 4071 1023 4120; x_wconf 82' lang='lat' dir='ltr'>scribi</span> <span class='ocrx_word' id='word_1_342' title='bbox 1031 4083 1105 4134; x_wconf 78' lang='lat' dir='ltr'>pacto,</span> 
     </span>
     <span class='ocr_line' id='line_1_40' title="bbox 53 4142 1105 4219; baseline -0.007 -18"><span class='ocrx_word' id='word_1_343' title='bbox 53 4157 143 4219; x_wconf 80' lang='lat' dir='ltr'>rogari.</span> <span class='ocrx_word' id='word_1_344' title='bbox 607 4152 810 4214; x_wconf 81' lang='lat' dir='ltr'>utintelligeretur</span> <span class='ocrx_word' id='word_1_345' title='bbox 816 4159 907 4212; x_wconf 81' lang='lat' dir='ltr'>pactum</span> <span class='ocrx_word' id='word_1_346' title='bbox 914 4142 1029 4211; x_wconf 74' lang='lat' dir='ltr'>nuptiale.</span> <span class='ocrx_word' id='word_1_347' title='bbox 1040 4147 1105 4217; x_wconf 59' lang='lat' dir='ltr'>Lair²</span> 
     </span>
    </p>
   </div>
   <div class='ocr_carea' id='block_1_4' title="bbox 0 0 1400 5004">
    <p class='ocr_par' dir='ltr' id='par_1_7' title="bbox 0 0 1400 5004">
     <span class='ocr_line' id='line_1_41' title="bbox 0 0 1400 5004; baseline 0 0"><span class='ocrx_word' id='word_1_348' title='bbox 0 0 1400 5004; x_wconf 95' lang='lat' dir='ltr'> </span> 
     </span>
    </p>
   </div>
  </div>
 </body>
</html>
