2774 5004
164 351 208 415 at
463 343 502 408 P.
527 337 688 407 OVIDII
712 337 925 405 NASONIS

167 521 295 606 Quum
312 518 416 592 videt
433 515 622 590 extinctos
640 513 773 587 fratres
792 511 942 585 Althaea
959 509 1112 584 referri:

168 635 276 722 Quae,
293 635 472 732 plangore
490 631 592 715 dato,
611 628 756 702 moestis
772 626 978 700 ululatibus
995 627 1130 700 urbem

168 750 319 847 Implet,
340 759 378 822 et
391 759 540 821 auratas
559 745 716 817 mutavit
733 743 900 818 vestibus
919 742 1024 814 atris.
1140 744 1206 813 448

168 865 221 937 At
238 864 348 936 simul
367 873 426 935 est
444 872 575 933 auctor
592 858 696 933 necis
715 857 856 944 editus3
884 856 1029 930 excidit
1046 855 1166 929 omnis

169 978 325 1063 Luctus,
345 987 384 1051 et
401 1000 424 1049 a
441 976 604 1049 lacrimis
623 976 661 1046 in
679 998 800 1072 poenae
818 997 946 1046 versus
966 995 1134 1046 amorem
1146 981 1208 1044 est.

170 1093 298 1190 Stipes
317 1103 408 1177 erat,
422 1114 548 1188 quem,
564 1114 681 1186 quum
695 1099 826 1186 partus
844 1089 958 1161 enixa
969 1091 1120 1184 jaceret

168 1207 357 1293 Thestias,
377 1208 414 1278 in
432 1207 623 1280 flammam
639 1204 807 1302 triplices
825 1226 986 1301 posuere
1004 1225 1174 1288 sorores3

171 1322 417 1420 Staminaque
435 1322 618 1418 impresso
632 1318 761 1392 fatalia
777 1319 913 1416 pollice
931 1327 1080 1404 nentes,
1146 1318 1211 1389 453

171 1446 195 1476 “
214 1436 438 1535 Tempora,”
457 1437 648 1520 dixerunt,
670 1444 694 1472 “
713 1435 847 1508 eadem
865 1435 1047 1530 lignoque
1061 1432 1212 1528 tibique,

172 1555 206 1627 O
238 1555 350 1626 modo
378 1564 478 1636 nate,
510 1551 691 1624 damus:'’
720 1573 796 1647 quo
823 1560 1027 1647 postquam
1056 1547 1213 1621 carmine

80 1738 83 1744 .
173 1667 383 1741 Excessere
404 1667 518 1753 Deae3
540 1667 760 1761 flagrantem
775 1675 894 1739 mater
908 1667 957 1738 ab
976 1665 1064 1760 igne
1105 1664 1213 1759 [dicto

173 1781 323 1880 Eripuit
340 1792 489 1867 torrem,
510 1781 723 1878 sparsitque
741 1781 972 1878 liquentibus
990 1780 1117 1852 undis.

173 1895 244 1970 Ille
260 1897 324 1969 diu
342 1897 464 1970 fuerat
481 1898 736 1994 penetralibus
755 1896 906 1991 abditus
924 1895 1030 1977 imis;

174 2010 429 2108 Servatosque
447 2024 544 2098 tuos,
560 2013 722 2110 juvenis,
743 2021 954 2086 servaverat
970 2033 1102 2084 annos.
1148 2011 1212 2082 459

174 2128 337 2201 Protulit
352 2129 451 2201 hunc
463 2130 649 2225 genetrix,
664 2131 860 2226 taedasque
875 2127 913 2200 in
931 2126 1118 2223 fragmina
1135 2121 1212 2223 poni

175 2242 354 2340 Imperat,
375 2256 413 2317 et
430 2245 563 2342 positis
582 2246 753 2319 inimicos
772 2246 946 2317 admovet
963 2242 1082 2338 ignee.

173 2356 270 2430 Tum
288 2369 423 2431 conata
440 2371 574 2455 quater
591 2359 751 2432 flammis
769 2360 960 2456 imponere
978 2380 1138 2443 ramum,

171 2555 418 2620 herrmannusque
436 2555 497 2603 hanc
519 2556 568 2605 filio
587 2556 673 2621 impre·
726 2567 855 2611 mutamus.
879 2571 932 2619 que
958 2554 1093 2619 abjicimus,
1118 2551 1214 2603 cumiis

173 2637 252 2677 catam
275 2645 327 2677 esse
346 2637 466 2688 mortem;
492 2629 516 2676 id
538 2629 602 2693 quod
623 2629 674 2678 sine
725 2647 779 2696 qnae
803 2628 953 2685 assumimus,
977 2637 1057 2676 tamen
1085 2637 1161 2693 poeta
1183 2641 1213 2674 so·

172 2701 245 2751 dubio
266 2703 380 2767 originem
408 2702 474 2750 dedit
496 2702 564 2751 alteri
591 2703 674 2751 rationi
724 2705 775 2753 lent
786 2705 901 2752 invertere
912 2709 1054 2750 structuram
1064 2714 1214 2750 communem.

172 2791 216 2824 seu
228 2777 314 2825 labulae
324 2777 353 2826 de
365 2776 445 2842 stipite
456 2777 532 2834 fatali,
543 2793 614 2841 quam
627 2777 674 2842 pri·
725 2779 788 2828 tude
806 2777 836 2825 ad
856 2777 898 2825 vii.
910 2778 950 2824 60.
984 2779 1094 2831 Attratas,
1113 2792 1170 2825 auro
1187 2790 1215 2822 or·

172 2863 226 2896 mus
245 2850 395 2913 Phrynichus
422 2851 525 2913 tragicus
544 2851 568 2898 in
593 2851 675 2898 fabula
724 2862 801 2902 natas.
826 2850 889 2899 Vide
907 2850 938 2898 ad
953 2847 985 2897 ri.
996 2848 1048 2897 init.
1085 2847 1216 2905 hiltesin-

173 2923 276 2969 Pleuron
292 2923 404 2970 tractavit
424 2925 579 2986 (Pausanias,
599 2923 672 2971 Phoc.
725 2926 826 2974 dicatus.
842 2923 867 2971 ii.
884 2925 924 2971 43.
971 2921 1070 2978 Excidit,
1091 2922 1216 2978 sciliceta

173 3010 200 3057 p.
220 2993 290 3053 874.)
311 3010 430 3058 quamque
452 3011 498 3042 non
526 2996 610 3043 mirum
638 3005 674 3043 est
724 3008 812 3054 mente,
823 2997 848 3045 ii.
859 2997 971 3056 601;iv.
985 2997 1041 3045 175.

175 3064 288 3112 Nostrum
299 3066 437 3128 pretulisse,
446 3082 519 3129 quum
529 3067 605 3130 aptior
614 3068 673 3114 mul·
758 3074 813 3121 451.
831 3071 932 3127 luceret,
952 3071 1116 3118 decumberet.
1152 3071 1217 3119 Puer·

174 3145 199 3184 to
216 3144 278 3184 esset
294 3136 325 3182 ad
343 3137 569 3186 commiserationem
586 3140 673 3187 lacien-
724 3161 782 3210 pera
808 3143 956 3192 describitur.
997 3143 1123 3191 Venerunt
1146 3151 1218 3192 autern

175 3209 239 3258 darn.
273 3209 312 3256 Sic
324 3217 348 3257 et
357 3209 477 3274 Hyginus,
489 3211 536 3258 lah.
551 3212 606 3260 174.
629 3213 674 3259 Ni·
725 3218 806 3265 Parca
820 3218 920 3282 septimo
933 3225 985 3281 post
995 3225 1090 3280 partum
1101 3216 1150 3272 die,
1162 3229 1219 3264 nunc

175 3280 263 3328 eander
284 3281 348 3346 apud
366 3282 514 3330 Antoninum
533 3283 674 3341 Liberalem,
726 3307 830 3355 quoque,
854 3300 880 3339 ut
901 3305 1002 3354 semper,
1024 3298 1102 3336 nentes
1125 3294 1219 3337 camina

176 3371 230 3421 cap.
245 3359 269 3406 ⁸2.
286 3366 410 3422 utramque
429 3360 542 3407 rationem
560 3360 674 3425 conjunx·
723 3363 854 3412 hominurn.
881 3363 954 3428 Apud
965 3362 1138 3427 Apollodorum
1153 3363 1220 3428 stipes

174 3437 242 3488 erat,
263 3430 409 3494 Meleagrum
424 3432 490 3480 enim
506 3433 635 3481 tradiderat
650 3433 674 3481 in
721 3437 786 3502 jacet
804 3437 828 3485 in
847 3452 895 3485 ara.
930 3435 1053 3500 Hyginus:
1073 3435 1221 3502 Inregiodt'·

174 3519 255 3567 pugna
275 3520 330 3551 cum
352 3505 490 3562 Curetibus,
510 3517 564 3571 post
588 3509 675 3555 tedam
724 3513 788 3558 citur
799 3513 849 3558 titio
860 3511 1088 3571 ardensapparaisss.

174 3575 241 3623 illam
252 3575 302 3640 igni
314 3577 451 3634 immissam,
464 3579 569 3644 periisse.
598 3581 674 3636 Dono,
758 3586 814 3632 455.
832 3585 947 3639 Carmine,
959 3582 1080 3631 vaticinio.
1106 3582 1221 3648 Hyginus,

175 3646 341 3706 donaria,ver.
358 3652 415 3699 266.
432 3655 526 3714 templis,
542 3654 566 3701 in
585 3655 675 3720 templa
728 3656 845 3723 Meleagri]
864 3658 922 3722 futu
950 3660 1093 3705 cecinerunt.
1140 3657 1221 3711 Tomis,

175 3719 240 3768 Diis.
254 3721 354 3770 ix.790.
388 3724 451 3772 Nato
465 3728 564 3784 vicem-m
583 3727 674 3775 obnati
724 3730 815 3794 lignum
836 3740 973 3796 praeustum.
1006 3730 1086 3780 Graeci
1108 3738 1221 3783 auctores,

174 3791 305 3843 victoriam.
339 3796 405 3844 Inter
420 3798 486 3863 pium
501 3817 556 3863 ergo
571 3800 673 3847 officinm
723 3804 809 3863 δαλὸς.
844 3807 953 3854 Servatus
974 3804 1003 3852 ab
1022 3804 1134 3852 incendio
1150 3819 1221 3853 seros·

175 3873 200 3915 et
210 3867 293 3914 laetum
305 3885 351 3916 non
360 3869 431 3917 fando
442 3872 563 3934 cognoscit
574 3873 673 3930 cadem,
724 3889 797 3933 vernt,
809 3886 973 3943 prorogaverat
984 3893 1065 3925 annos.
1093 3876 1161 3925 ldem
1173 3892 1221 3925 rer·

174 3940 216 3989 sed
238 3944 298 3988 videt
321 3943 437 3992 extinctos
457 3946 547 3994 iratres.
585 3947 674 3996 Melius
723 3953 779 4001 burn
796 3953 831 4000 bis
848 3953 948 4018 positum
966 3953 1027 3999 bene
1042 3950 1155 4016 exprimit
1168 3966 1222 4000 con·

174 4013 234 4063 forte
242 4024 300 4072 erat,
308 4016 372 4080 quod
382 4025 437 4065 ante
447 4019 609 4067 Burmannurn
618 4020 672 4069 ede·
720 4026 868 4091 junctionem
881 4025 935 4073 vitre
947 4033 971 4072 et
982 4023 1078 4090 stipitis.

173 4089 252 4148 batur,
263 4093 450 4139 auratis-atros
461 4094 498 4156 (et
509 4093 573 4158 quod
585 4093 674 4144 habent
756 4100 811 4148 460.
837 4098 867 4146 ln
880 4099 1014 4163 fragmino,
1038 4096 1061 4144 id
1084 4105 1129 4153 est,
1150 4096 1223 4146 taedas

173 4158 245 4228 Regii
264 4165 336 4215 nostri
346 4165 366 4230 ;)
389 4181 492 4232 namque
513 4168 556 4217 etsi
578 4169 671 4234 proprie
724 4171 812 4222 fractas
823 4172 889 4221 dedit
901 4170 1036 4220 Heinsiuse
1046 4168 1123 4219 tribus
1134 4168 1204 4218 MS&
