2774 5004
170 337 238 401 iffl
351 384 354 391 .
464 330 504 394 Ρ.
526 326 689 394 ovlnu
712 326 928 394 NASONIS

173 509 339 606 Jamque
356 501 589 578 Corinthiaci
604 500 807 599 cerpebum
824 499 936 575 litore
952 501 1075 601 ponti,

175 623 302 707 Quum
322 640 425 693 mare
445 615 620 703 surrexit,
639 616 890 713 cumulusque
912 616 1092 691 immanis
1109 640 1215 714 equa·

174 738 222 812 In
238 736 375 811 montis
392 733 561 832 speciem
577 732 735 817 curvari,
749 742 789 806 et
805 756 977 808 crescere
991 733 1110 820 visus,
1127 736 1214 829 [rum

174 851 226 926 Et
242 852 332 925 dare
349 850 528 945 mugitus,
546 870 771 944 summoque
784 849 983 923 cacumine
1000 848 1111 922 lindi.
1153 852 1217 922 510

176 968 360 1064 Corniger
376 966 465 1039 hinc
483 976 612 1038 taurus
629 963 750 1062 ruptis
767 964 970 1062 expellitur
987 963 1119 1051 undis,

175 1083 476 1179 Pectoribusque
494 1091 605 1156 tenus
622 1080 754 1154 molles
773 1091 920 1154 erectus
939 1079 978 1153 in
997 1102 1126 1164 auras,

175 1198 353 1283 Naribus,
372 1207 411 1271 et
428 1198 557 1296 patulo
574 1207 720 1295 partem
738 1197 850 1270 maris
868 1195 1011 1272 evomit
1025 1219 1108 1270 ore.

173 1314 301 1388 Corda
309 1323 450 1411 pavent
458 1314 653 1401 comitum,
663 1313 757 1387 mibi
769 1337 876 1388 mens
886 1313 1061 1386 interrita
1073 1312 1217 1397 mansit,

173 1428 310 1502 Exiliis
327 1440 507 1503 contenta
523 1429 616 1516 suis,
635 1454 754 1527 quum
771 1430 868 1504 colla
884 1428 1033 1502 seroces
1153 1428 1219 1501 515

172 1543 234 1620 Ad
251 1544 349 1619 frete
365 1555 601 1632 convertunt,
620 1546 851 1642 arrectisque
868 1543 1024 1617 auribus
1042 1543 1195 1618 horrent

172 1659 461 1761 Quadrupedes,
480 1663 713 1760 monstrique
731 1671 835 1736 metu
851 1659 1067 1748 turbantur,
1082 1669 1124 1732 et
1139 1657 1220 1732 altis

171 1773 420 1875 Proecipitant
436 1801 568 1850 currus
586 1777 777 1874 scopulis:
805 1799 877 1872 ego
893 1774 1034 1848 ducere
1050 1797 1152 1848 vana

171 1889 295 1966 Frena
312 1916 438 1979 manu,
457 1892 601 1991 spumis
618 1891 830 1967 albentibus
848 1889 978 1977 oblita,
997 1889 1145 1978 luctor;

172 2004 223 2080 Et
240 2016 339 2080 retro
357 2009 481 2080 lentas
499 2008 614 2081 tendo
632 2007 832 2106 resupinus
849 2006 1040 2080 habenas:
1150 2008 1221 2078 520

171 2118 209 2194 N
211 2145 255 2195 ec
272 2121 371 2196 vires
388 2132 515 2195 tamen
533 2122 601 2196 bas
619 2123 744 2197 rabies
762 2122 982 2221 superesset
998 2144 1198 2217 equorum,

171 2235 221 2308 Ni
242 2245 336 2323 rota,
355 2248 579 2334 perpetuum
599 2260 676 2334 qua
692 2236 990 2311 circumvertitur
1010 2259 1124 2310 axem

172 2350 321 2450 Stipitis
338 2376 498 2428 occursu
515 2351 634 2426 fracta
652 2377 695 2426 ac
711 2349 874 2449 disjecta
889 2350 1036 2426 suisset.

172 2463 358 2540 Excutior
373 2491 483 2541 curru
500 2495 508 2543 :
537 2468 702 2566 lorisque
719 2467 936 2542 tenentibus
954 2477 1058 2540 artus

170 2580 327 2656 Viscera
343 2580 427 2656 vive
443 2583 552 2668 trahi,
571 2600 703 2656 nervus
722 2582 760 2655 in
778 2582 894 2680 stirpe
912 2581 1048 2668 teneri,
1148 2586 1221 2655 525

201 2829 258 2876 500.
284 2828 361 2881 Quum
387 2843 450 2874 more
468 2830 576 2882 surrexit,
604 2829 667 2890 etc]
719 2834 814 2875 censet
831 2843 891 2876 uuus
907 2823 975 2874 leid.
990 2824 1089 2873 hubent.
1121 2825 1222 2881 Seneca,

169 2899 229 2948 Hsc
248 2899 313 2948 lacta
332 2900 446 2964 Neptuno
467 2908 670 2964 auctoresque
722 2902 799 2950 1051:
827 2898 1052 2948 Η8511111111111111111
1074 2907 1140 2947 metu
1160 2898 1220 2964 ilip-

168 2972 215 3021 tric
231 2973 336 3021 Theseus
351 2981 482 3036 optaverat,
499 2973 525 3021 in
541 2973 628 3038 quibus
645 2983 670 3021 et
719 2976 814 3041 polytus
831 2973 902 3023 arctis
922 2972 1028 3023 continet
1045 2972 1120 3021 irenis
1139 2987 1222 3037 equos,

169 3045 223 3104 hoc,
232 3055 259 3096 ut
268 3047 541 3112 Hippolytusinterire13
559 3047 611 3097 Cic.
619 3048 669 3096 Off.
718 3048 869 3112 Pelidesque
880 3056 941 3096 note
954 3046 1018 3096 vocis
1028 3045 1125 3095 burtetu
1136 3045 1210 3095 ciet.”

167 3120 248 3182 i.10;
276 3121 310 3169 iii.
327 3123 375 3181 25;
399 3121 481 3169 Schol.
501 3120 621 3186 Euripidis
637 3120 669 3170 ud
750 3125 807 3172 525.
826 3120 1127 3182 NeruoslnstirpeteneriJ
1145 3120 1220 3169 Hein-

168 3195 266 3261 Hippol.
288 3210 337 3243 ver.
362 3196 437 3243 1349:
472 3195 571 3249 Seneca,
595 3196 667 3242 1004.
717 3195 766 3244 eius
788 3195 885 3259 conjicit
906 3210 986 3243 nervos
1004 3197 1028 3241 in
1050 3210 1119 3254 vepre
1138 3196 1221 3251 uun,

167 3270 277 3325 “Quum
304 3269 383 3317 subito
405 3278 496 3318 vastum
525 3268 612 3316 tumuit
637 3283 667 3317 ex
718 3269 774 3333 quie
794 3270 894 3324 Seneca,
920 3267 1020 3333 Hippol.
1043 3268 1117 3317 1002.
1136 3266 1221 3316 “inde

167 3340 214 3390 ulto
231 3357 305 3398 mure,
324 3341 452 3405 Creuitque
467 3343 492 3390 in
508 3343 668 3391 estre—Con·
717 3341 870 3390 semanimem
891 3349 974 3390 seceut
994 3341 1119 3405 virgulta,
1144 3340 1222 3389 scutis

167 3414 241 3476 surgit
262 3415 346 3477 ingens
368 3416 479 3479 pontus.''
519 3415 581 3465 Vide
603 3416 668 3465 Fert.
717 3415 794 3479 superi
813 3430 896 3480 vepres
915 3414 1004 3464 rub'u.”
1039 3415 1168 3477 chraemm
1184 3430 1219 3464 re-

167 3486 223 3535 vol.
234 3486 267 3534 vi.
278 3486 324 3535 Ed.
336 3497 395 3535 nost.
406 3505 432 3552 p·
446 3490 502 3536 100.
514 3498 538 3536 et
549 3490 606 3537 ⁴46.
717 3497 801 3545 tractu,
812 3491 913 3552 relinqui
924 3487 950 3536 in
959 3504 1065 3554 corpore.
1086 3489 1159 3538 Hunc
1170 3504 1220 3537 cor-

198 3560 255 3607 511.
274 3560 445 3622 Cornigerlrinc
457 3562 613 3624 taurus,etc.]
628 3563 668 3611 ltu
717 3563 781 3627 poris
799 3562 993 3612 dilacerationem
1007 3564 1126 3628 expressit
1139 3572 1163 3612 et
1178 3565 1220 3614 Se·

167 3640 191 3681 ct
204 3630 336 3695 Euripides,
354 3647 401 3680 ver.
415 3632 485 3680 1214.
499 3633 563 3698 Kip'
574 3633 667 3694 ἐξέθηκε
718 3651 787 3692 nece,
802 3653 852 3687 ver.
872 3639 934 3686 1002
950 3653 1005 3702 sqq.
1019 3637 1060 3685 ubi
1075 3638 1220 3704 “implicuit

165 3707 268 3769 ταῦρον,
279 3706 367 3768 ἅγριον
377 3703 459 3767 τέρας.
480 3706 584 3755 Phocum
596 3708 667 3756 luisse
717 3709 805 3758 cadens
819 3712 915 3775 Laqueo
931 3709 1010 3758 tenaci
1021 3726 1118 3775 corpus,
1131 3711 1219 3761 illisum

165 3779 261 3828 Servius
281 3778 314 3826 eit
335 3776 366 3826 ed
388 3776 457 3842 Virg.
480 3782 538 3828 AEn.
559 3780 590 3829 vi.
611 3783 667 3830 440.
715 3794 789 3848 ceput
800 3784 908 3850 Scapulis
919 3785 1031 3834 resultat:
1049 3785 1161 3834 auferunt
1175 3785 1219 3833 du·

167 3853 257 3902 Tauno
274 3852 315 3901 ille
332 3852 441 3900 terribilis
458 3854 563 3918 pluribus
578 3854 666 3904 descri-
716 3858 748 3906 mi
766 3874 858 3906 comes:
877 3874 918 3906 cra
934 3857 1008 3907 durus
1023 3857 1127 3922 pulchra
1144 3875 1217 3923 popu·

165 3928 228 3976 bitur
247 3944 262 3976 a
278 3928 377 3984 Seneca,
397 3928 460 3976 10³3
474 3944 529 3992 sqq.
564 3929 600 3977 Ibi
618 3945 665 3978 non
714 3930 777 3980 latur
797 3932 885 3997 lupis.''
918 3931 1076 3996 Aliquumdiu
1099 3939 1219 3997 “ruptum

163 4012 252 4060 perlem
263 4000 610 4065 nariasedjlcmnamvomit.
715 4014 812 4055 truncus
832 4007 941 4055 ambusta
967 4005 1027 4054 sude
1049 4006 1157 4055 medium
1177 4023 1219 4072 pu

196 4077 253 4124 515.
276 4076 397 4132 Contenta,
418 4086 544 4142 occupatu,
564 4077 663 4135 intentu,
714 4077 803 4143 inguen
812 4079 893 4146 stipite
903 4081 979 4145 ejecto
990 4080 1085 4136 tenet.”
1095 4089 1146 4130 otc.

165 4146 227 4210 quod
249 4150 362 4212 posterius
382 4150 406 4198 b.
428 4151 445 4198 l.
463 4161 561 4216 quartus
582 4151 662 4200 Medi·
