2774 5004
162 327 228 394 «Β
443 323 484 390 Ρ.
505 320 669 390 OVIDII
691 319 904 388 NASONIS

166 501 324 596 Resque
342 497 476 571 Latina
492 495 583 570 fuit:
612 495 783 570 succedit
802 494 940 568 Silvius
958 492 1039 566 illi:
1143 495 1206 564 610

166 614 252 699 Quo
271 625 387 699 satus,
407 613 564 708 antiquo
582 611 704 685 tenuit
720 610 883 708 repetita
901 608 1061 683 Latinus

167 726 428 803 Nominacum
439 738 612 824 sceptro:
633 727 777 800 clarum
789 726 891 798 subit
900 724 1003 797 Alba
1014 722 1203 796 Latinum:

167 843 302 942 Epitos
315 867 365 917 ex
383 843 467 929 illo;
490 853 578 939 post
594 843 695 915 hunc
710 841 969 939 Capetusque,
992 839 1205 936 Capysque,

166 966 246 1040 Sed
265 966 396 1064 Capys
413 975 500 1038 ante
518 964 611 1037 fuit:
641 987 797 1062 regnum
811 962 1014 1036 Tiberinus
1032 963 1084 1035 ab
1103 962 1172 1035 illis

165 1088 301 1187 Cepit;
331 1089 425 1162 etin
444 1086 558 1161 Tusci
576 1087 771 1161 demersus
787 1085 951 1159 fluminis
970 1085 1088 1158 undis
1144 1088 1205 1157 615

166 1204 332 1278 Nomina
344 1203 435 1276 lecit
449 1226 579 1301 aquae:
599 1204 736 1299 dequo
751 1201 1017 1298 Remulusque
1030 1199 1206 1296 feroxque

165 1321 305 1394 Acrota
322 1331 411 1393 sunt
428 1320 566 1415 geniti:
597 1318 781 1392 Remulus
800 1316 982 1392 maturior
1000 1317 1113 1389 anuis

167 1435 363 1509 Fulmineo
382 1432 504 1532 perrlt,
524 1435 689 1508 imitator
706 1432 884 1519 fulminis,
903 1433 997 1506 ictu.

166 1550 296 1624 Fratre
314 1574 382 1623 suo
400 1560 592 1648 sceptrum
610 1549 835 1622 moderatior
851 1547 995 1620 Acrota
1010 1546 1101 1618 sorti

166 1665 299 1739 Tradit
317 1665 524 1752 Aventino;
555 1665 632 1763 qui,
653 1688 730 1761 quo
748 1663 932 1759 regnarat,
951 1663 1092 1736 eodem
1142 1666 1207 1735 620

166 1779 300 1854 Monte
312 1783 417 1877 jacet
434 1781 593 1877 positus,
611 1778 818 1874 tribuitque
836 1778 1021 1851 vocabula
1039 1777 1169 1851 monti.

215 1894 379 1992 Jamque
398 1894 582 1968 Palatinae
605 1915 790 1966 summam
811 1892 933 1965 Proca
954 1893 1084 1987 gentis
1101 1893 1206 1965 habe·

316 2009 394 2081 bat.

167 2123 274 2217 Rege
293 2123 363 2195 sub
382 2122 452 2194 hoc
472 2123 641 2215 Pomona
659 2121 748 2210 fuit;
779 2146 856 2220 qua
872 2121 976 2195 nulla
994 2121 1149 2196 Latinas

167 2237 273 2310 Inter
291 2235 578 2333 Hamadryadas
596 2238 712 2310 coluit
730 2237 902 2310 solertius
920 2239 1064 2325 hortos

167 2352 250 2426 Nec
267 2352 338 2425 fuit
355 2351 498 2427 arborei
516 2353 716 2426 studiosior
732 2353 851 2427 altera
867 2350 993 2438 foetus,

1141 2355 1209 2424 625

163 2583 362 2649 significabatqne
374 2599 428 2632 enm
446 2599 524 2648 regern
542 2584 583 2649 qui
600 2585 665 2633 Albe
714 2582 781 2633 dictu
791 2583 831 2632 sit.
849 2582 1144 2649 nummorumque
1153 2585 1212 2632 circs

165 2656 244 2706 dictur
257 2657 311 2708 fuit.
330 2673 385 2705 narn
398 2656 473 2721 poetis
487 2665 578 2705 mutere
593 2656 664 2706 iuter·
718 2657 838 2706 Palatium
847 2667 873 2706 et
882 2673 912 2706 eu
922 2656 1034 2713 locanti
1043 2670 1129 2724 postea
1139 2659 1212 2707 Ronrs

165 2729 224 2778 dum
235 2729 330 2778 nomina
340 2729 459 2785 convenit,
468 2739 562 2777 auctore
573 2729 662 2785 Servio,
714 2731 810 2780 condita
821 2731 873 2787 luit,
885 2741 936 2779 tum
947 2731 1082 2781 habitabat.
1105 2732 1213 2797 nepum

164 2812 191 2852 et
202 2818 232 2852 ne
244 2803 339 2851 Clarum
353 2802 485 2865 significare
496 2803 584 2850 Albam
594 2800 664 2850 dubi·
714 2804 759 2853 hoc
769 2804 863 2870 judicet
874 2804 995 2860 Heinsius,
1006 2805 1049 2869 qni
1062 2807 1157 2862 susdcr,
1170 2807 1213 2854 Ps-

165 2874 279 2931 tes,idern
289 2884 367 2940 poeta,
375 2877 400 2923 in
409 2875 468 2924 libro
475 2877 539 2923 Fest.
548 2875 579 2923 iv.
591 2874 664 2938 laque,

167 2947 260 3005 latine,
272 2952 312 2996 tibi
326 2960 391 3011 poter
404 2962 453 3007 est,
471 2952 531 2998 subit
542 2951 602 2997 Atta
617 2950 664 2998 Lu·

164 3023 249 3069 uuum.
282 3022 321 3069 De
332 3022 375 3070 hoc
389 3021 442 3070 loco
452 3022 506 3071 vids
519 3022 588 3087 plura
601 3023 664 3088 apud

165 3094 296 3143 Burmann.
331 3095 409 3156 Epiros
418 3095 491 3143 eriam
504 3097 566 3144 Fast.
575 3095 608 3143 iv.
618 3098 664 3157 43;

165 3167 234 3216 Livio
242 3168 329 3216 dicitur
338 3168 409 3233 Atys.
439 3170 666 3232 Capetusque-onte

158 3241 221 3304 ficit.
254 3241 347 3305 Ingenii
366 3242 440 3297 lusus,
461 3258 531 3305 quem
550 3244 666 3306 suggessit

166 3314 205 3361 lex
216 3314 335 3363 carminis.
353 3315 451 3363 Tuscum
455 3319 555 3379 flumen,
567 3317 665 3374 Albula,

166 3385 190 3433 in
202 3387 270 3450 cujus
280 3389 379 3452 traJeclu
390 3391 524 3437 submersus
534 3391 666 3440 Tiberinus.

199 3459 255 3506 616.
273 3460 309 3506 De
333 3479 376 3522 quo
400 3461 663 3526 Remulus—Acrota]

165 3531 302 3578 Secundum
314 3532 415 3588 Livium,
426 3535 532 3582 Tiberini
546 3536 608 3584 lilius
621 3538 666 3585 suit

165 3602 281 3666 Agrippa.
303 3604 360 3650 Post
370 3620 424 3652 eum
436 3606 544 3668 regnavit
555 3608 666 3657 Remulus

165 3676 261 3731 Silvius,
283 3675 323 3740 qui
350 3676 447 3726 fulmine
474 3679 544 3735 ictus,
567 3697 664 3744 reguum

166 3747 263 3799 tradidit
279 3748 406 3798 Aventino.
441 3751 540 3809 Potitus,
559 3763 585 3802 ut
599 3759 665 3811 situs,

164 3824 308 3889 desepulto.

197 3900 254 3947 6¹22.
281 3898 373 3946 Summo
394 3899 480 3963 gentis,
504 3900 533 3949 de
555 3902 662 3967 imperio,

165 3974 226 4022 bene
242 3973 328 4032 habet,
344 3990 430 4022 summo
444 3977 525 4035 sceptri
540 3975 589 4023 xiii.
603 3979 661 4035 162;

162 4063 251 4094 srmrmo
261 4048 314 4094 belli
325 4063 354 4095 ex
366 4049 450 4104 Ponto,
467 4048 501 4096 ll.
512 4047 528 4095 i.
540 4051 581 4097 46.
615 4051 663 4098 Sed

715 2880 791 2926 latim
801 2882 873 2940 rupis,
882 2888 923 2927 aut
935 2879 1115 2929 Palatim'cotlr'r
1124 2897 1145 2929 s.
1155 2899 1214 2929 noa·

714 2956 753 3001 tis.
775 2954 865 3001 Verum
876 2969 923 3000 uon
933 2952 1063 3003 admodum
1074 2965 1159 3020 pateus
1167 2971 1213 3011 rex,

715 3028 755 3090 qui
783 3027 847 3091 rupis
874 3042 989 3074 summurn
1018 3027 1102 3078 hebet.
1136 3030 1214 3086 Quum

714 3099 785 3147 MSS·
799 3100 848 3148 sere
863 3115 944 3148 omnes
960 3101 1089 3149 Palatinus
1104 3102 1213 3156 habeant.

714 3172 739 3220 id
753 3173 845 3221 interes
858 3173 1000 3222 servendum
1016 3175 1126 3232 arbitror,
1142 3176 1213 3224 donet

715 3248 813 3296 meliora
828 3248 980 3311 proferuntur.
1014 3248 1085 3298 Forte
1101 3249 1147 3298 lroe
1162 3265 1212 3312 eug-

716 3335 801 3367 nomen
814 3320 914 3368 adhesit
930 3321 1020 3370 Procae.
1058 3323 1133 3386 Regii
1146 3323 1214 3372 nutri

715 3394 785 3440 ambo
795 3392 853 3440 dant
866 3394 991 3442 Palatinus
1000 3412 1093 3443 summe
1104 3399 1154 3445 luce
1161 3413 1213 3461 ges·

716 3471 745 3514 tis
756 3468 866 3524 lobeton
884 3467 918 3514 itu
928 3477 1044 3517 etomnes
1055 3469 1099 3517 uti
1110 3470 1214 3527 codiee,

715 3540 735 3587 si
750 3540 874 3588 Palatinus
886 3557 933 3589 non
946 3542 1016 3590 tuerit
1029 3558 1165 3606 cognomen
1175 3545 1214 3592 td·

715 3613 791 3662 ditum
814 3615 899 3671 Prccae,
920 3615 1010 3679 optima
1036 3617 1098 3666 mihi
1125 3618 1215 3667 videtur

715 3687 795 3744 lectio,
807 3704 878 3752 quem
894 3688 984 3753 recepit
1000 3689 1135 3754 Gierigius.
1153 3691 1215 3740 hur.

715 3764 761 3811 Pro
780 3764 885 3819 Latinus
903 3762 971 3812 multi
990 3773 1086 3813 veteres
1104 3766 1215 3826 mua,

715 3845 841 3901 utrumqne
852 3840 922 3886 bene.

746 3912 804 3959 625.
822 3910 977 3966 Αἱιηα,ι1ἰα.
994 3910 1216 3979 Nymplnopennr

714 3981 774 4030 dans
789 3985 896 4032 arborum
912 3983 1012 4032 cultum
1025 3985 1090 4035 bene
1102 3986 1215 4036 aesmu-

713 4062 759 4104 tur.
784 4058 875 4115 Rumos,
884 4059 986 4106 arbores.
1007 4058 1096 4109 Felicio
1104 4077 1180 4121 pune.
1192 4070 1217 4107 ut

164 4120 287 4181 queritur,
311 4137 360 4184 quo
379 4137 451 4170 sensu
474 4139 528 4184 gens
552 4122 662 4171 Palatina
712 4129 745 4178 ix.
755 4132 796 4178 92.
