2774 5004
327 317 392 383 130
624 314 664 378 Ρ.
688 311 851 379 OVIDII
874 308 1088 379 NASONIS

325 488 554 582 Exsangues
573 486 715 561 flebant
733 488 887 562 animur:
917 509 988 561 nec
1005 484 1189 559 Tantalus
1207 485 1349 560 undam

325 601 507 701 Cuptnvit
524 601 716 699 refugam
746 602 968 701 stupuitque
986 600 1130 675 Ixionis
1147 601 1281 677 orbis:

323 718 407 793 Nec
425 741 600 816 carpsere
613 721 721 816 jecur
739 719 933 805 volucres;
961 715 1143 814 nmisque
1160 717 1344 791 recerunt

323 833 499 920 Belides3
528 833 644 931 inque
661 845 726 906 tuo
744 832 887 920 sedisti,
910 831 1088 930 Sisyphe,
1107 854 1218 906 saxo.

321 948 418 1023 Tum
430 948 591 1047 primum
604 948 766 1022 lacrimis
777 947 960 1022 victarum
969 945 1134 1020 carmine
1144 946 1252 1020 semu
1261 951 1369 1020 ostii

325 1063 580 1140 Eumenidum
599 1064 790 1140 maduisse
807 1087 949 1161 genas:
978 1086 1048 1138 nec
1066 1062 1172 1159 regia
1188 1065 1331 1161 conjux

323 1179 495 1254 Sustinet
511 1180 643 1266 oranti,
664 1203 734 1252 nec
753 1179 819 1276 qui
837 1178 934 1274 regit
950 1177 1037 1266 imo,
1057 1201 1223 1273 negare3

321 1292 616 1393 Eurydicenque
633 1304 790 1368 vocant:
820 1295 971 1368 umbras
989 1303 1070 1367 eret
1087 1292 1154 1367 illa
1172 1304 1344 1369 recentes

321 1408 437 1497 Inter,
456 1420 495 1484 et
513 1409 668 1483 incessit
685 1435 799 1508 passu
817 1411 865 1483 de
882 1411 1036 1485 vulnere
1053 1411 1176 1484 tardo.

320 1523 431 1599 Hanc
446 1525 609 1600 simulet
626 1526 749 1623 legem
765 1527 1009 1625 Rhodopeius
1025 1526 1165 1624 accipit
1180 1527 1306 1612 heros,
1323 1529 1365 1599 50

320 1640 381 1715 Ne
398 1641 528 1715 flectat
545 1653 644 1717 retro
662 1643 899 1729 suadumina,
919 1643 1039 1716 donec
1058 1642 1229 1716 Avernas

321 1755 468 1831 Exierit
484 1756 623 1845 valles3
654 1769 719 1832 aut
736 1757 840 1833 irrite
856 1758 956 1832 dona
970 1757 1107 1832 sutura.

320 2001 496 2064 munnetsidoc
508 2004 697 2056 hebenuuorat.
710 2009 760 2058 111.
772 2009 820 2058 Od.
870 2006 1004 2073 prepositis
1020 2009 1081 2056 inter
1094 2005 1236 2072 postposite,
1251 2020 1330 2071 neque
1342 2005 1369 2055 ri

321 2077 409 2127 sias.
423 2081 484 2127 stetit
498 2095 559 2128 urm
573 2082 670 2142 paulurn
682 2085 749 2139 sicca¹
765 2086 820 2131 durs
869 2082 912 2129 ills
934 2095 1080 2146 concoquere
1101 2087 1193 2145 potest:
1221 2079 1274 2129 sine
1300 2093 1369 2128 cesse

320 2162 389 2217 puto
400 2151 479 2201 Dorici
489 2154 577 2215 puellus
587 2157 688 2203 carmine
698 2157 788 2205 muioss.
870 2163 1007 2219 utrumque.

352 2228 392 2275 40.
417 2226 476 2274 Turn
501 2229 599 2289 primurn
621 2229 730 2284 incrimis,
755 2230 818 2292 etc]
903 2229 942 2276 60.
960 2226 1041 2283 Herus,
1058 2226 1115 2291 quis
1130 2223 1255 2291 Cslliopes
1267 2223 1330 2273 dise
1343 2223 1369 2270 fi·

320 2299 395 2350 luteri
412 2299 455 2349 Dii
472 2315 519 2349 non
534 2309 710 2350 commoventur
723 2301 821 2351 miseriis
870 2301 924 2350 lius.
945 2301 1025 2364 Vulgo
1035 2299 1369 2361 edebatursnes'ps'sorpsesn

319 2373 451 2424 homiuum.
487 2372 658 2424 illuminabilis
677 2374 749 2423 Pisto
767 2377 817 2425 Hu-
871 2375 997 2424 luillss
1012 2373 1088 2440 poetis
1098 2373 1153 2422 ticts
1163 2371 1267 2430 videtur,
1277 2371 1336 2438 quis
1345 2371 1368 2419 in

319 2456 364 2498 ret.
374 2447 410 2497 11.
422 2447 470 2496 Od.
481 2447 530 2497 riv.
543 2448 575 2508 63
593 2450 693 2498 messis
712 2448 818 2512 diffinita
868 2450 940 2499 sscris
956 2464 1055 2514 mngrers
1070 2446 1185 2513 respicere
1202 2461 1251 2495 non
1264 2447 1368 2496 licebat:

319 2521 675 2577 DiiSsnecs‚1{erc.Fur.679.
690 2523 815 2580 Vincamus,
869 2522 919 2571 vid.
936 2521 1015 2572 Cerds
1032 2521 1062 2570 sd
1083 2520 1152 2585 Virg.
1170 2519 1226 2568 Far
1244 2519 1295 2568 viii.
1313 2520 1366 2568 102.

317 2605 505 2656 commoturum
521 2595 563 2645 sed
582 2595 641 2646 illud
659 2597 743 2646 melius
758 2612 814 2646 con-
866 2595 956 2645 Similis
966 2598 1004 2645 les
1017 2594 1099 2661 Ulyssi
1112 2595 1161 2643 lsts
1172 2594 1271 2643 Homer.
1279 2592 1329 2643 00.
1339 2599 1368 2643 Β.

317 2670 383 2721 venit
392 2669 451 2719 duro
461 2677 487 2719 et
495 2685 558 2719 suso
570 2669 693 2719 Furisrum
704 2669 790 2718 animo.
868 2671 924 2719 ³50.
941 2669 1064 2718 Memorio
1072 2667 1189 2732 proditum
1197 2673 1243 2724 est,
1253 2675 1281 2716 ut
1288 2666 1366 2732 inquit

350 2746 390 2794 49.
416 2749 450 2796 De
477 2745 579 2800 uulnere,
601 2753 695 2809 propter
722 2743 815 2793 vulnus.
867 2739 1365 2805 PsusenissinBoemhcis,0rpheum,nx·

318 2820 396 2868 susm
407 2836 421 2866 s
432 2817 465 2866 sic
477 2817 578 2883 ponitur,
586 2825 613 2865 ut
624 2817 657 2866 iii.
668 2818 713 2866 671
727 2835 733 2876 ;
752 2818 816 2867 Fsst.
866 2831 906 2866 ore
919 2826 1020 2872 monus,
1031 2815 1123 2865 venisse
1133 2815 1164 2863 sd
1176 2815 1284 2864 Aornum
1294 2813 1367 2863 Thes·

316 2893 348 2941 is.
360 2893 417 2940 930.
448 2889 599 2939 Schirschius
609 2890 677 2940 valde
688 2891 813 2956 improbet,
865 2890 955 2957 protis,
971 2889 1012 2940 uhi
1027 2905 1067 2956 per
1080 2887 1265 2938 necromantism
1280 2903 1365 2937 eroes·

317 2962 524 3027 quodturdemde
539 2963 721 3018 vulnerefiuxit,
735 2972 814 3027 putet·
864 2975 944 3013 rentur
964 2965 1069 3013 umbre:
1093 2961 1127 3010 ihi
1147 2977 1221 3027 quum
1242 2961 1365 3010 Dssridices

317 3052 372 3101 que,
390 3035 483 3084 sinistre
501 3036 614 3085 Nostrum
628 3036 746 3085 inritatum
763 3054 814 3087 esse
864 3039 968 3088 enisusm
981 3053 1046 3104 pone
1059 3036 1126 3101 sequi
1144 3036 1262 3100 puthsset,
1279 3045 1306 3084 et
1323 3050 1366 3084 sus

316 3108 385 3174 Virg.
407 3108 502 3158 AEneid.
521 3110 553 3158 vi.
571 3110 611 3157 ubi
632 3111 697 3158 Dido
714 3119 769 3167 stat,
789 3122 815 3160 nt
864 3128 889 3161 se
900 3112 1010 3178 opinione
1021 3111 1105 3160 fulsum
1116 3108 1245 3175 respiciens
1256 3109 1362 3158 suimsd·

316 3183 438 3249 Msrpssie
457 3193 554 3242 csutes;
575 3182 620 3231 hoc
639 3183 710 3232 fuisse
728 3184 814 3232 vulnus
863 3186 980 3243 verusset,
993 3187 1054 3235 ultro
1067 3183 1112 3234 sibi
1124 3183 1180 3252 ipsi,
1192 3198 1295 3233 rnoerore
1306 3199 1361 3232 eon·

316 3257 397 3313 snirni,
407 3257 448 3306 sed
461 3272 562 3306 morsum
571 3257 657 3322 viperss
670 3273 716 3305 non
726 3257 812 3308 hebere
863 3259 960 3315 fectum,
977 3268 1076 3308 mortem
1096 3256 1248 3309 conscivisse.
1284 3257 1362 3306 Dosse

315 3331 393 3379 locum
401 3330 425 3378 in
436 3331 520 3379 umbre
531 3330 653 3394 exsangui.
680 3331 748 3380 Male
759 3348 812 3397 pro-
864 3335 1030 3390 Aestrienses.
1063 3333 1125 3397 Ergo
1139 3330 1238 3380 slisvie
1252 3329 1362 3380 rediitsd

314 3402 421 3453 tectorio
436 3403 542 3467 disputet
559 3403 593 3451 sir
608 3403 706 3465 doctus,
722 3405 811 3454 etenim
862 3424 966 3473 superos.
999 3405 1160 3456 Auensienim
1171 3405 1309 3470 colles,qui
1320 3420 1359 3453 rs·

314 3491 344 3528 ex
359 3475 480 3540 opinione,
496 3475 540 3524 nisi
559 3475 658 3540 vulgari,
674 3486 738 3526 certe
752 3494 811 3542 quo·
863 3481 903 3529 riis
917 3480 1014 3547 perfossi
1031 3480 1149 3545 specubus
1170 3477 1222 3527 ries
1242 3478 1361 3528 habehant

313 3549 414 3599 rundsm
436 3557 566 3614 poetsmm,
588 3550 686 3600 vulnera
709 3563 733 3601 et
753 3552 812 3601 vitia
862 3556 1026 3605 subterraneas
1047 3563 1072 3603 et
1092 3552 1243 3618 ealiginoess,
1261 3566 1361 3618 amque

313 3622 416 3687 corporis
435 3624 564 3671 manebant
580 3623 651 3672 etium
672 3624 695 3672 in
714 3625 810 3674 umbris.
860 3629 891 3677 ob
913 3644 1009 3677 causum
1028 3643 1070 3693 pro
1088 3627 1204 3676 descensu
1223 3625 1256 3675 sd
1274 3624 1360 3677 intem

312 3694 392 3744 Etiam
420 3695 559 3761 Deiphobus
585 3698 649 3763 epud
675 3697 809 3763 Virgilium,
861 3698 1217 3758 hshehnutur,erentin1tslis
1230 3699 1302 3765 juxte
1312 3700 1359 3748 Pu·

312 3770 372 3818 AEu.
392 3769 425 3817 ri.
444 3771 501 3818 494.
520 3770 622 3820 laniatus
644 3788 739 3837 corpore
761 3782 810 3823 toto
860 3774 980 3824 teolsnum
991 3775 1083 3824 sinum:
1105 3773 1159 3822 side
1170 3771 1258 3836 Heynii
1270 3772 1360 3822 Exsur-

312 3841 472 3910 spudinieros
486 3843 619 3894 incedebat.
653 3847 715 3894 Hinc
729 3862 810 3897 munes
859 3865 912 3897 sum
926 3849 952 3896 ii.
967 3848 998 3897 ad
1009 3847 1135 3912 Virgilium
1148 3846 1246 3895 AEneid.
1261 3845 1299 3894 vi:
1317 3844 1358 3895 sed

313 3917 446 3967 viventibus
461 3921 608 3982 sppsrehnnt
621 3920 689 3976 tales,
700 3922 808 3984 qualese
860 3923 918 3971 tsliu
929 3923 1059 3987 prorniscue
1072 3930 1184 3986 usurpent
1192 3929 1278 3984 poete.
1295 3919 1357 3968 Con·

314 3991 361 4042 site
376 4001 535 4049 excesserant,
557 4009 579 4040 ν.
597 4010 618 4041 c.
636 3995 724 4042 Hector
743 3997 806 4059 apud
858 3997 892 4045 ser
915 3997 1001 4061 t'irgit.
1029 3997 1116 4059 Georg.
1142 3994 1174 4043 iv.
1195 3995 1252 4044 494.
1286 3993 1356 4059 Apud

315 4066 379 4132 virg.
391 4064 488 4115 AEneid.
500 4064 524 4113 ii.
539 4067 596 4116 270.
629 4065 717 4116 Confer
726 4068 806 4117 Tibul.
856 4069 993 4134 Apollodor.
1006 4069 1120 4138 respicere
1137 4076 1231 4117 vetetur
1247 4066 1357 4133 spissis

316 4140 345 4193 il.
356 4141 388 4190 si.
399 4141 439 4191 ³9.
456 4140 540 4191 Eidem
551 4140 686 4192 Schirschiu
695 4140 805 4207 displicet
856 4146 905 4204 τὴν
916 4144 996 4193 cisino
1007 4144 1083 4193 αὑτοῦ
1096 4134 1291 4207 ’παραγενέσθαι
