2774 5004
227 331 694 432 METAMORPHOSEON
719 331 810 395 LlB.
834 330 944 396 XIII.
1045 335 1110 398 351

54 503 171 578 Hanc
190 530 263 579 non
282 506 484 581 femineum
498 505 632 603 jugulo
649 505 739 578 dare
758 514 892 601 pectus
907 516 1049 602 aperto,

56 618 184 705 Illam,
203 622 369 695 demisso
387 645 454 719 per
471 619 581 693 sortia
596 620 751 692 vulnera
767 619 843 692 telo
1036 624 1108 694 694

57 735 139 806 Pro
158 737 298 834 populo
315 737 500 810 cecidisse
518 759 607 822 suo;
634 733 877 833 pulchrisque
896 758 963 831 per
980 736 1110 809 urbem

59 848 272 923 Funeribus
290 851 388 937 ferri,
408 849 625 946 celebrique
643 850 681 921 in
700 859 804 947 parte
823 850 1003 923 cremari:

57 963 157 1036 Tum
176 966 224 1038 de
241 966 408 1061 virginea
425 965 594 1060 geminos
612 964 715 1038 exire
733 962 870 1050 favilla,

60 1079 124 1153 Ne
141 1104 261 1176 genus
279 1082 451 1170 intereat,
466 1083 637 1177 juvenes,
656 1104 750 1176 quos
769 1077 869 1151 fama
886 1078 1054 1154 Coronas

60 1195 256 1282 Nominat,
275 1207 314 1269 et
331 1196 446 1270 cineri
465 1208 633 1270 materno
651 1197 789 1269 ducere
808 1218 997 1292 pompam.

111 1310 306 1385 Hactenus
324 1313 479 1409 antiquo
496 1312 614 1408 signis
631 1309 862 1407 fulgentibus
881 1334 955 1382 aere
1034 1315 1108 1384 700

62 1425 242 1499 Summus
262 1427 433 1500 inaurato
450 1440 573 1502 crater
589 1440 670 1500 erat
687 1450 797 1524 asper
815 1425 996 1511 acantho;

60 1541 146 1615 Nec
164 1542 304 1615 leviora
319 1543 418 1617 datis
436 1542 588 1639 Trojani
605 1543 705 1615 dona
719 1540 932 1627 remittunt3

60 1656 968 1753 Dantquesacerdoti‚custodemturis,acerram;
991 1656 1107 1749 [narn.

60 1771 167 1845 Dant
189 1784 369 1870 pateram,
389 1774 605 1870 claramque
623 1796 724 1857 auro,
744 1769 980 1867 gemmisque
1004 1794 1108 1842 coro-

110 1887 157 1960 V.
187 1887 281 1962 Inde
300 1889 484 1964 recordati
501 1888 667 1963 Teucros
686 1910 708 1960 a
725 1883 907 1982 sanguine
924 1883 1059 1959 Teucri
1162 1946 1168 1957 .

57 2085 102 2117 nos
115 2069 296 2133 migaabatur3
313 2071 385 2120 Corn.
396 2071 485 2138 Nepos,
495 2072 525 2119 X.
537 2087 561 2119 x.
610 2079 653 2119 aut
667 2067 758 2125 arcula,
769 2065 794 2115 in
810 2083 858 2131 qun
873 2077 926 2117 turn
938 2068 1111 2122 conservaban-

58 2144 83 2191 2.
90 2142 121 2191 de
129 2142 221 2192 Dione:
235 2143 315 2207 ltaque
321 2147 346 2192 in
356 2146 412 2193 urhe
419 2147 561 2194 ciburrium
611 2152 657 2201 tur,
668 2152 695 2194 nt
706 2142 762 2192 inde
772 2140 912 2208 deprompta
925 2142 951 2191 iu
965 2143 1043 2206 ignem
1054 2157 1111 2190 con·

58 2217 116 2272 boo,
123 2217 197 2265 emtus
204 2219 303 2278 publice,
311 2220 410 2280 sepulcri
419 2228 561 2266 urouumemo
607 2219 751 2283 jicoreutur;
772 2213 828 2262 hinc
845 2227 918 2265 custos
935 2219 1004 2271 turis,
1018 2224 1045 2263 nt
1063 2214 1112 2264 viii.

59 2293 161 2339 deuotus
170 2301 203 2339 est
210 2309 220 2349 ,·
238 2290 292 2341 vide
303 2291 411 2341 Kirclrm.
421 2291 451 2340 de
462 2290 561 2340 Funeri·
612 2292 790 2356 :limpharum
800 2291 987 2336 custorteiorum.
1022 2289 1110 2336 Corona

57 2362 392 2429 bus,tib.ii.csp.25.e126.
427 2363 562 2429 Quorsum
612 2365 651 2413 hic
671 2380 716 2413 non
735 2374 772 2412 est
791 2361 982 2416 sacrificantium,
999 2376 1029 2410 ea
1047 2361 1112 2411 enim

60 2437 162 2484 Coruus
183 2436 310 2495 Nominat,
335 2437 481 2494 hennum,
502 2424 562 2501 hig
612 2454 659 2486 non
675 2439 776 2501 gemmis
789 2444 873 2487 ornata
887 2432 1071 2488 eumedium
1085 2441 1111 2481 et

57 2513 99 2572 qui
117 2518 141 2557 st
158 2513 275 2575 uirginum
294 2513 383 2559 nomiae
400 2511 492 2559 Corone
507 2521 561 2559 sum
612 2510 694 2560 iuiulis
709 2519 751 2559 aut
769 2510 891 2559 frondibus
904 2506 977 2554 sacris
991 2506 1111 2571 implexa,

58 2585 190 2641 nominati5
200 2583 289 2632 Auton.
299 2584 416 2633 Liberalis
424 2584 449 2632 d.
457 2584 560 2647 lllpoo-
613 2600 694 2633 verum
706 2584 825 2639 diadema,
836 2581 902 2630 intel.
911 2579 1002 2643 insigne
1012 2579 1110 2643 regium,

58 2655 207 2719 αγορεὺουσι
217 2653 236 2703 δ’
247 2656 324 2714 αὐτὰς
335 2657 396 2721 ἄχρι
407 2658 454 2706 νῦν
463 2655 558 2714 Αἰολεῖς
611 2666 638 2706 ut
649 2656 712 2722 apud
721 2657 858 2722 Virgilium,
867 2655 926 2702 AEn.
935 2644 1016 2700 8655.
1025 2654 1109 2716 (quem

59 2727 208 2790 Κορωνίδας
219 2729 367 2794 παρθένους.
611 2731 697 2778 Noster
707 2729 813 2779 imitatus
823 2726 885 2787 est,)
898 2726 988 2773 AEneas
1002 2724 1055 2773 terri
1069 2725 1109 2789 ju·

92 2802 149 2850 700.
165 2801 242 2866 Signis
250 2801 399 2867 fulgentibus
407 2820 416 2860 ,·
434 2802 481 2850 duo
492 2802 560 2851 Basi-
610 2802 651 2867 bot
665 2802 726 2851 iuter
740 2803 788 2851 alia
804 2815 911 2855 munera,
922 2801 1034 2860 duplicem
1047 2815 1110 2863 gem·

59 2874 154 2923 leemas
168 2883 192 2924 et
204 2890 264 2923 unus
273 2875 360 2923 Mureti
376 2877 447 2939 siguis
463 2879 560 2924 estami-
610 2879 652 2925 mis
667 2895 767 2940 auroque
783 2892 902 2933 erronum,¹
923 2872 977 2921 ridc
993 2872 1026 2920 ibi
1044 2874 1110 2938 Hey·

56 2947 109 3002 bus,
122 2956 148 2996 ut
166 2947 208 2996 xii.
223 2948 280 2996 235.
314 2947 386 3011 Regii
406 2947 458 2996 cod.
473 2948 563 2998 habent
612 2951 686 3000 nium.

47 3019 218 3085 fulgentium
239 3019 321 3068 malim
335 3024 562 3079 tamensmamiisu,
644 3025 782 3073 705-968.
811 3023 909 3078 AEneas,
930 3019 1017 3070 relictis
1041 3020 1112 3070 variis

55 3092 138 3150 idest,
149 3093 322 3154 eminentibus,
339 3094 562 3159 namquoinoperi·
612 3097 678 3154 locis,
696 3097 726 3144 ad
746 3097 847 3160 Scyllum
864 3094 938 3150 venit,
957 3093 1025 3157 cujus
1045 3093 1109 3150 faris.

54 3166 207 3216 buscreletis
220 3175 308 3235 partes,
321 3183 374 3233 qum
390 3168 559 3224 ominemini·
611 3173 712 3236 abrupte
739 3167 851 3218 orationis
878 3168 946 3222 sarie,
973 3167 1110 3216 immoratur

56 3247 116 3304 gent
134 3239 212 3288 miuus
233 3256 305 3304 quaro
325 3256 379 3303 qun
398 3240 475 3305 plane
494 3251 560 3291 sunt.
610 3252 689 3308 poeta.
722 3243 809 3307 Scyllis
828 3241 890 3290 enim
913 3240 1012 3289 Galatea
1031 3249 1110 3290 narrat

56 3314 164 3362 Summus
178 3323 264 3371 crater,
276 3330 303 3363 os
317 3315 421 3373 crateris,
431 3323 481 3364 eret
495 3332 560 3377 asper
611 3317 743 3379 Polyphemi
765 3330 856 3363 amores
872 3316 993 3377 Acidisquu
1010 3313 1109 3372 obitum,

57 3391 169 3436 inaurato
190 3389 297 3445 ocoutho,
316 3388 341 3436 h.
360 3405 382 3437 e.
400 3390 425 3437 in
445 3404 473 3437 co
490 3403 560 3437 aureo
610 3390 750 3448 rto—8973
763 3388 785 3437 ei
793 3388 879 3437 deinde
889 3395 987 3452 apparet
997 3388 1109 3445 Gioucus,

58 3463 155 3526 sculpta
172 3470 223 3510 erat
244 3462 320 3526 figrua
341 3477 425 3527 aspera
447 3461 558 3510 acanthi:
609 3464 634 3512 in
652 3463 732 3511 Deum
751 3461 867 3510 marinum
882 3469 996 3518 mutatus,
1012 3461 1067 3511 898.
1079 3460 1109 3510 ad

58 3536 172 3583 orontius
189 3534 263 3584 herba
277 3534 365 3583 nobilis
380 3545 404 3584 et
418 3534 503 3590 mollis,
512 3549 561 3600 qua
609 3535 688 3584 finem.
721 3536 838 3584 Auctores
858 3533 939 3583 horum
950 3532 1005 3583 vide
1020 3537 1051 3582 ad
1062 3549 1111 3585 vor.

58 3616 84 3656 et
102 3623 165 3656 anses
186 3608 324 3672 poculorum
342 3607 418 3656 ornari
436 3608 545 3656 solebant
552 3623 560 3666 ;
611 3610 668 3658 755.
688 3617 712 3658 et
740 3610 797 3657 898.
831 3607 890 3657 inda
916 3611 1039 3664 recordati,
1060 3616 1108 3657 etc.

58 3678 184 3744 Virgilius,
199 3681 283 3745 Eclog.
299 3681 333 3729 iii.
344 3683 386 3731 45.
421 3682 560 3737 Remittunt,
610 3683 691 3741 Quum
716 3681 838 3730 oraculum
863 3679 985 3745 antiquum
1011 3691 1110 3731 matrem

57 3753 163 3804 vicissim
178 3754 249 3804 dant.
283 3755 408 3812 Smerdoti,
418 3755 489 3811 Anio,
499 3770 557 3819 qun·
607 3765 688 3820 petere
711 3755 828 3821 jussisset,
850 3754 968 3804 Anchises
989 3756 1111 3807 revolvens

57 3837 130 3877 tenus
143 3829 252 3878 sacerdos
270 3837 328 3887 erat,
339 3829 399 3878 dant
415 3844 520 3878 acerram
534 3837 559 3878 et
608 3828 687 3879 animo
697 3840 788 3878 veteres
802 3829 918 3884 historias,
929 3831 1025 3878 Cretam
1040 3829 1110 3879 intel·

58 3909 182 3966 peterem
215 3910 335 3967 quatenus
362 3918 411 3959 res,
438 3917 558 3950 coronam.
609 3902 650 3967 ligi
669 3910 747 3968 putat,
761 3903 823 3952 unde
842 3902 898 3950 olim
915 3902 1000 3950 Teucer
1011 3914 1109 3951 venerat

58 3975 149 4022 Acerra
158 3991 206 4024 nou
216 3983 253 4028 est
268 3975 407 4031 turibulum,
417 3990 466 4030 ara,
477 3973 500 4023 iu
512 3989 561 4039 qua
610 3975 635 4023 in
650 3991 733 4039 agrum
743 3976 880 4040 Trojanum.
913 3976 968 4021 Huc
984 3989 1039 4036 ergo
1055 3975 1106 4022 ala-

15 4065 17 4069 *
57 4046 562 4113 tuudoleretur,utvulgoputant,sed,ut
610 4063 662 4097 cres
676 4047 786 4104 tendunt,
797 4048 877 4112 ibique
887 4055 912 4094 et
926 4060 1008 4109 ugrum
1019 4046 1111 4106 colunt,

58 4120 100 4169 hic
118 4121 169 4187 ipse
185 4121 254 4171 locus
270 4121 327 4171 satis
344 4121 421 4178 docet,
437 4121 559 4169 vasculum
611 4132 635 4169 et
652 4121 732 4169 urbem
749 4121 901 4184 Pergamesm
916 4117 1029 4171 condunt.
1061 4121 1108 4170 Sed
