2774 5004
192 314 663 381 METAMORPHOSEON
687 316 779 380 LIB.
803 316 906 381 VIII.
1025 313 1069 381 33

156 489 237 573 dat,
256 501 295 562 et
312 489 460 584 magnis
479 489 642 584 insignia
658 489 834 562 dentibus
852 513 929 562 ora.

143 603 237 678 titiae
252 615 312 678 est
328 628 415 677 oum
432 628 587 678 munere
606 606 770 677 muneris
788 615 930 677 auctor.
992 607 1067 676 430

142 743 192 793 tre
210 720 293 809 alii;
323 731 479 817 totoque
499 730 579 794 erat
596 720 744 816 agmine
761 743 940 792 murmur.

142 835 221 920 bue,
240 835 383 931 ingenti
401 836 601 908 tendentes
619 834 773 909 brachia
788 857 892 919 voce,

142 973 168 1023 ‚e
186 974 269 1046 age,
282 975 351 1023 uec
370 950 500 1023 titulos
512 949 706 1047 intercipe,
718 949 869 1036 femina,
882 947 1065 1036 nostros,”

142 1064 229 1138 ladae
247 1066 431 1139 clamant:
454 1075 477 1103 ‘⁴
498 1089 568 1138 neo
586 1076 624 1138 te
641 1066 780 1138 fiducia
797 1064 926 1137 formoe

143 1179 216 1267 iat;
246 1168 435 1277 longeque
454 1190 519 1250 tuo
538 1180 587 1251 sit
604 1191 738 1277 captus
756 1203 881 1252 amore
990 1182 1065 1251 435

144 1293 202 1367 r:''
227 1304 265 1367 et
283 1295 370 1366 huic
389 1292 559 1366 adimunt
576 1318 726 1379 munus,
741 1297 806 1391 jus
822 1293 986 1367 muneris
999 1293 1065 1366 illi.

144 1408 227 1492 ulit,
245 1419 285 1480 et
303 1408 447 1481 tumida
463 1407 640 1481 frendens
660 1408 867 1482 Mavortius
885 1409 951 1493 ira,

142 1523 223 1609 cite,
242 1534 412 1621 raptores
430 1523 579 1609 alieni,”
598 1523 707 1611 dixit,
729 1533 753 1562 “
772 1524 936 1608 honoris,

156 1637 266 1711 minis
286 1651 468 1734 quantum
482 1639 624 1713 distent
636 1639 670 1712 :”
686 1639 888 1735 hausitque
905 1634 1043 1711 nefand

141 1778 181 1828 ra
198 1753 387 1852 Plexippi,
408 1755 460 1828 nil
478 1756 554 1829 tale
572 1754 754 1840 timentia,
773 1753 881 1827 ferro.
990 1755 1066 1824 440

141 1870 255 1967 ‚quid
273 1869 386 1943 faciat
402 1871 571 1956 dubium,
590 1870 806 1967 pariterque
824 1869 1010 1942 volentem

141 1984 161 2057 :i
178 1982 341 2070 fratrem,
360 1984 598 2081 fraternaque
615 1984 693 2057 fata
709 1984 918 2071 timentem,

150 2098 290 2195 patitur
308 2099 479 2171 dubitare
496 2098 583 2186 diu;
612 2099 853 2195 calidumque
872 2097 985 2195 priori

154 2213 344 2288 recalfecit
361 2215 525 2287 consorti
543 2214 726 2310 sanguine
744 2213 874 2285 telum.

141 2353 181 2403 aa
199 2330 324 2403 Deum
342 2330 506 2427 templis,
526 2342 613 2403 nato
631 2331 786 2414 victore,
805 2329 963 2412 serebat,
989 2331 1063 2401 445

141 2595 250 2644 ludentes
264 2598 374 2655 brachiu
392 2607 474 2660 gestus
484 2597 520 2646 in·
571 2597 645 2646 fillum
666 2593 792 2660 Euripides
812 2593 837 2641 in
854 2592 977 2654 Meleagro
998 2589 1068 2638 tradi-

141 2667 177 2718 rde
194 2668 339 2733 imperantis.
374 2671 456 2727 Tituli,
470 2671 521 2736 glo·
570 2670 645 2725 derat,
664 2677 760 2717 eucwre
784 2664 922 2719 Plutarcho,
944 2663 1023 2710 Paral.
1044 2677 1069 2726 p.

141 2742 250 2799 tiernium,
260 2753 302 2792 aut
312 2745 404 2808 signum
413 2743 523 2794 facinoris
570 2744 626 2791 ala.
654 2740 726 2790 Cous.
743 2747 768 2787 et
785 2736 964 2801 Apollodorum,
984 2751 1010 2799 p.
1026 2735 1069 2782 33.

161 2815 200 2864 De
223 2818 295 2864 verbo
324 2821 467 2879 intercipere,
491 2818 521 2866 ad
572 2816 675 2868 Comere,
697 2812 776 2860 freter.
795 2810 829 2858 xi.
850 2810 914 2867 ³t⁷;
932 2806 984 2856 xiii.
1002 2807 1070 2867 66³5

141 2890 189 2938 292.
224 2889 326 2945 Nostros,
340 2891 382 2954 qui
398 2889 464 2938 nobis
479 2890 521 2938 de·
571 2904 634 2937 nunc
646 2884 772 2951 adjective,
784 2883 909 2931 fraternus.

141 2978 170 3011 tm
185 2978 271 3025 genere
286 2963 391 3028 proxime
402 2963 521 3028 ettingen-
605 2962 662 3009 445.
684 2959 752 3006 Dona
773 2957 856 3010 Deum,
877 2952 938 3015 etc]
958 2950 1070 3016 Sequitur

141 3035 263 3099 tleegrum,
282 3046 332 3085 turn
351 3053 409 3085 sexu
427 3036 522 3100 potiori·
571 3036 637 3083 locus
658 3029 874 3097 prestantissimae,
891 3027 931 3092 qui
952 3026 1070 3074 fluctuen-

141 3113 213 3156 enine
231 3109 391 3173 praeferendis.
418 3109 521 3157 Priorem
571 3119 619 3156 tem
631 3106 731 3155 altnae
743 3104 857 3158 animum,
869 3113 893 3150 et
902 3114 1007 3166 pugnem
1018 3114 1069 3147 rna·

140 3181 256 3231 Diodorus
273 3191 396 3237 memorat,
406 3183 519 3248 posterio·
572 3180 632 3229 terni
643 3181 743 3228 affectus
752 3193 807 3224 cum
819 3174 904 3223 sororio
914 3187 992 3221 amore
1004 3186 1071 3235 egre·

140 3254 320 3321 l.Arietophnni
332 3255 362 3303 ad
371 3255 461 3312 Itanos,
470 3271 519 3303 ver.
570 3255 607 3317 gie
618 3251 743 3310 describit;
762 3265 834 3314 quam
849 3248 879 3295 ob
891 3261 986 3295 canem
997 3243 1070 3293 etim

140 3337 253 3394 ttramque
270 3328 441 3393 Apollodorus:
464 3326 520 3376 ddo·
571 3327 681 3376 laudetur
700 3325 730 3373 ab
744 3323 830 3371 llornio
848 3320 873 3368 in
884 3320 1000 3368 Element.
1010 3317 1071 3367 Crit.

146 3400 169 3451 el
188 3403 321 3467 παρόντων
337 3401 439 3466 ἀνδρῶν
454 3403 521 3466 γυνὴ
571 3411 629 3450 tom.
650 3400 667 3447 i.
685 3415 711 3465 p.
731 3398 787 3445 189.
815 3395 934 3444 Ceterum
953 3390 1071 3455 Meleagri

140 3477 174 3524 tie
185 3475 302 3538 λήψεται,
316 3477 379 3524 eard
391 3474 463 3540 γένος
478 3475 521 3524 ad·
571 3491 633 3524 more
653 3471 780 3538 duphciter
800 3476 918 3522 duratur,
936 3474 963 3514 ut
983 3465 1072 3514 diserte

140 3545 226 3607 «ἣκειν
243 3547 365 3613 λέγοντες.
394 3549 470 3613 Longe
485 3552 522 3598 rit.
572 3546 740 3614 Apollodorei,
751 3544 775 3592 1.
789 3542 837 3591 viii.
849 3543 872 3589 3.
882 3547 973 3588 monet.
1004 3538 1072 3586 Prior

151 3621 183 3670 ir.
194 3621 250 3668 643.
285 3621 416 3676 Thestiodoe,
427 3621 457 3669 de
469 3620 522 3685 qui·
573 3624 734 3685 retinetque
756 3613 931 3681 antiquissima,
951 3620 1072 3662 auctorem

140 3709 214 3744 ereum
225 3696 283 3743 ³04.
317 3696 353 3744 Ne
365 3698 430 3758 longe
440 3697 468 3742 rit
481 3696 521 3741 tibi
572 3697 644 3745 habet
662 3695 800 3748 Homerum,
815 3688 880 3737 dicto
898 3689 967 3736 loco:
985 3701 1071 3734 necun-

143 3778 244 3825 ⁰⁸⁶²⁰r3
273 3767 297 3815 ld
319 3779 363 3825 0³1,
385 3783 415 3815 ne
435 3767 522 3816 luterfi·
572 3769 630 3817 durn
650 3782 703 3815 earu
718 3763 808 3813 Thestii
824 3761 875 3816 filit,
896 3758 987 3807 invidie
1006 3757 1073 3813 tacti,

140 3850 147 3891 t
167 3841 203 3890 eie
221 3842 292 3905 longe
311 3843 342 3890 eb
358 3849 463 3891 amatore
482 3849 523 3889 tuo
574 3857 628 3890 cum
647 3838 774 3888 Curetibus
790 3835 882 3885 bellum
899 3830 989 3880 Ieciunt
1002 3831 1070 3878 AEto·

140 3947 148 3962 ·
575 3914 613 3970 lis,
623 3915 649 3961 iu
660 3928 707 3977 quo
718 3910 849 3973 Meleager,
860 3903 990 3954 intersectis
998 3901 1073 3950 Thea·

140 3987 189 4036 Nori
199 3989 264 4045 tulit,
278 3990 338 4052 eto]
357 3985 525 4054 'Opyeodeledl
576 3986 656 4043 tiadie,
667 3983 732 4034 cedit
748 3992 772 4032 et
788 3983 846 4047 ipse.
878 3978 926 4027 Sed
940 3993 969 4025 ex
988 3973 1071 4022 eodem

140 4064 236 4120 ocreis
242 4061 525 4121 θεστίουπαῖδαςάπεκ-
577 4069 671 4110 auctore
687 4065 712 4106 et
722 4054 867 4121 Apollodoro
884 4051 957 4100 etiem
970 4055 1071 4101 coortat,

140 4135 270 4186 liewrtiue.
292 4136 379 4189 Martie
390 4152 444 4185 eum
455 4136 527 4184 t'uieee
576 4133 656 4183 odium
668 4129 826 4182 interceeeieee
833 4126 957 4188 Meleagro
967 4135 1022 4170 eom
1029 4117 1073 4166 Al·
