2774 5004
232 315 700 384 HE'PAHORPHOSEON
723 318 815 386 LlB.
838 319 951 387 x111.
1047 324 1115 393 888

137 490 240 563 'basa
256 501 360 564 mota
376 501 532 564 sonant:
555 491 668 586 jubet
685 492 739 565 uti
758 494 884 568 navita
900 497 1035 572 ventis.

137 607 231 702 toja,
250 606 354 694 vale3
374 605 539 704 rapimur
550 605 586 694 ;’'
604 606 780 693 clamant,
796 608 966 707 dantque
984 613 1115 687 oscula

216 731 325 794 terra
632 711 634 715 ’
1039 733 1115 802 420

139 834 246 921 ades,
266 845 306 909 et
322 835 453 934 patriae
469 835 653 909 fumantia
670 847 773 910 tecta
790 837 1019 936 relinquunt.

137 950 214 1022 ima
231 950 453 1025 conscendit
470 951 644 1037 classem,
663 953 876 1026 miserabile
894 955 995 1027 visu!

137 1066 267 1139 mediis
287 1064 446 1139 Hecube
464 1076 637 1139 natorum
654 1067 807 1140 inventa
823 1068 1019 1166 sepulcris.

137 1191 317 1254 :nsantem
331 1181 509 1265 tumulos,
524 1191 639 1277 atque
657 1182 805 1255 ossibus
819 1184 949 1256 oscula
960 1184 1114 1260 dantem

137 1295 258 1370 lichiae
270 1307 419 1370 traxere
437 1320 591 1370 manus:
612 1306 739 1370 tamen
757 1298 868 1370 unius
886 1299 1023 1388 hausit,
1038 1305 1112 1375 425

137 1436 192 1508 ,ue
210 1413 293 1484 sinu
312 1412 458 1486 cineres
475 1437 605 1486 secum
623 1414 709 1486 tulit
727 1412 905 1487 Hectoris
924 1414 1090 1489 haustos.

137 1521 246 1601 :toris
263 1528 301 1599 in
320 1528 464 1599 tumulo
482 1552 619 1601 canum
636 1529 684 1601 de
702 1529 840 1602 vertice
858 1530 1013 1616 crinem,

137 1643 228 1716 arias
245 1644 390 1741 inopes,
410 1645 565 1730 crinem,
584 1644 834 1742 lacrimasque
853 1646 1044 1743 relinquit.

137 1756 202 1844 lst,
223 1758 287 1831 ubi
304 1756 417 1854 'l'roja
433 1758 514 1843 luit,
534 1758 713 1857 Phrygiae
731 1761 916 1834 contraria
932 1761 1059 1849 tellus,

138 1873 252 1947 toniis
270 1873 441 1947 habitata
457 1874 557 1947 viris.
572 1902 580 1948 :
611 1875 882 1973 Polymestoris
901 1876 976 1949 illic
1037 1881 1112 1951 430

137 1989 193 2086 ;ia
209 1989 313 2063 dives
331 2000 423 2074 erat,
442 1991 502 2061 cui
521 2004 559 2064 te
577 1991 764 2065 commisit
780 1992 957 2066 alendum

137 2220 172 2270 cd
184 2222 319 2286 Virgilium,
333 2224 431 2272 AEneid.
441 2223 477 2272 iii.
488 2225 512 2271 ³.
523 2222 565 2272 ubi
615 2223 709 2287 regione
725 2224 802 2289 posits
817 2224 886 2288 (vide
899 2225 916 2272 i.
927 2224 988 2281 65:)
1005 2224 1115 2289 designat

137 2295 221 2344 bcitur
229 2297 326 2354 AEneas,
333 2301 404 2345 omnis
414 2297 565 2360 humossmt
614 2298 748 2354 Thraciam,
756 2314 809 2362 quar
819 2299 974 2363 Hellesponto
984 2315 999 2347 s
1010 2298 1115 2364 Pbrygis

137 2371 190 2416 suis
203 2367 279 2431 Trojs.
614 2381 744 2435 separatur.
769 2371 838 2419 Illius
847 2381 928 2418 autem
936 2380 1026 2435 partem
1037 2381 1116 2420 estre·

137 2443 158 2490 ἱ,
186 2442 274 2490 Ultiaro
301 2445 403 2492 Hecuba
429 2444 566 2493 conscendit
615 2458 678 2491 ruam
690 2443 791 2490 Bistones
801 2445 930 2500 tenebant;
947 2443 989 2490 sed
1005 2443 1030 2490 h.
1043 2443 1061 2490 l.
1073 2459 1114 2508 pro

137 2533 170 2572 ss,
186 2531 279 2573 navem,
297 2533 326 2565 ex
345 2518 464 2582 Euripidis
479 2517 566 2565 Troad.
616 2516 730 2564 universis
745 2516 852 2564 Thracia
870 2515 953 2563 incolis
971 2531 1113 2564 commemo·

137 2590 211 2648 taam
228 2590 270 2638 sed
285 2591 371 2639 Noster
385 2607 481 2639 mnsam
495 2606 566 2638 mora
616 2588 659 2638 rati
673 2599 742 2647 sunt3
760 2606 814 2637 nam
827 2589 994 2652 Polymestoris
1007 2590 1072 2652 regis
1088 2589 1113 2636 in

137 2661 200 2727 pisrn
209 2663 315 2712 addidit:
326 2674 394 2712 notus
403 2681 452 2713 mos
462 2664 566 2728 amplec-
617 2664 762 2711 Chersoneso
772 2662 886 2710 Thracica
899 2671 965 2719 erat,
980 2662 1033 2710 ride
1045 2660 1114 2710 Euri·

155 2735 264 2801 sepulcra
285 2737 427 2796 amicorum
456 2738 518 2786 conl.
540 2737 566 2784 ii.
617 2735 667 2799 pid.
682 2735 885 2791 Hec.ll.et569;
908 2749 1045 2798 quanquam
1060 2748 1113 2781 eam

142 2819 293 2871 muntem,
303 2811 493 2874 amplectentem.
514 2812 566 2857 Dn-
617 2807 1114 2870 adHebriostiatranstulitl'irgilius,AEn.

137 2899 152 2939 r,
168 2883 226 2947 quia
244 2883 325 2946 Ulyssi
344 2884 432 2931 tributa
449 2884 549 2931 Hecuba
559 2899 567 2941 3
616 2883 651 2931 iii.
665 2885 695 2931 13
705 2898 758 2948 sqq.
770 2882 809 2930 ubi
822 2882 875 2930 side
887 2882 974 2945 Heynii
986 2882 1086 2929 Excurs.
1096 2882 1113 2929 i.

137 2955 203 3010 rides,
219 2956 305 3005 Troad.
319 2957 388 3006 128⁵.
422 2957 516 3012 Horisit,
533 2956 568 3003 el·
618 2958 698 3021 Vulgo
730 2956 846 3005 edebatur
876 2956 1041 3018 Polymnestor.
1070 2956 1112 3004 sed

146 3038 173 3077 nt
183 3028 215 3077 xi.
223 3031 277 3078 187.
289 3032 369 3078 haustu
381 3041 451 3078 terra.
469 3031 566 3078 Cineres
617 3029 729 3079 Heinsius
741 3030 845 3095 praetulit
858 3029 1004 3091 Polymestor.
1016 3037 1042 3076 ut
1053 3027 1113 3091 legi·

137 3117 197 3151 >sum
213 3119 309 3167 peregre
322 3114 465 3151 mortuomm
483 3104 507 3150 in
525 3118 565 3167 ps·
616 3113 654 3151 tur
664 3102 727 3168 apud
737 3102 998 3168 Euripidem,Tzerzem
1008 3111 1032 3150 et
1041 3101 1111 3148 allos:

137 3215 139 3224 .
154 3177 272 3224 interdum
290 3178 375 3241 portari
388 3177 504 3232 solebant,
515 3176 565 3241 ple·
616 3177 723 3224 similiter
733 3185 824 3224 veteres
840 3175 975 3223 scribebant
993 3175 1113 3237 Clytemes-

137 3267 162 3300 re
174 3251 199 3298 in
213 3255 282 3299 sinu:
299 3251 333 3299 sic
344 3250 408 3315 apud
420 3251 566 3305 Martialem,
616 3261 664 3297 tro.
698 3250 812 3297 conmitti
828 3249 858 3297 ds
874 3248 911 3303 iis,
929 3248 970 3311 qui
988 3248 1113 3297 traduntur

137 3324 249 3388 pigeat.
267 3324 369 3372 Rettulit
386 3340 433 3371 ossa
448 3327 501 3370 sinu
517 3327 566 3370 carl
616 3321 793 3371 alteriuscura.
811 3322 938 3385 Polydorus
946 3323 1009 3386 apud
1017 3323 1114 3373 llomer.

137 3401 173 3446 bro
190 3401 282 3455 mariti,·
300 3399 334 3446 sic
350 3398 421 3446 etiam
435 3397 568 3462 Agrippina
616 3397 646 3444 ll.
656 3402 681 3444 Υ.
693 3397 741 3443 407
752 3411 807 3459 sqq.
819 3396 849 3443 ab
861 3394 955 3444 Achille
966 3394 1113 3446 interficitur.

137 3487 159 3520 ss
175 3471 313 3521 Germanici
334 3473 371 3519 sui
389 3486 469 3519 secum
487 3471 567 3519 attulit
615 3469 662 3518 Sed
674 3469 761 3517 Noster
774 3478 798 3517 et
811 3467 894 3532 virgil.
904 3468 978 3517 secuti
994 3478 1050 3517 sunt
1063 3471 1111 3519 Eu-

137 3560 185 3603 sm;
203 3544 309 3601 Tacitus,
319 3545 384 3593 Anu.
395 3545 430 3592 ll.
442 3544 507 3593 lxxv.
521 3546 542 3591 l.
615 3542 686 3607 ripid.
699 3543 760 3591 Hec.
771 3540 824 3590 inis.
835 3541 884 3590 Alii
900 3542 969 3591 aliter
976 3560 984 3601 ;
1002 3542 1050 3591 vid.
1060 3544 1112 3608 lly-

137 3619 159 3667 8.
177 3617 265 3680 Inopes,
277 3617 344 3673 siles,
356 3618 440 3682 quales
450 3626 505 3665 sunt
516 3615 566 3665 ino·
615 3616 695 3679 ginus,
717 3617 766 3664 lab.
789 3617 850 3675 109;
876 3616 972 3664 Servius
992 3616 1023 3664 ad
1046 3616 1114 3681 Virg.

143 3692 279 3741 hominurn:
298 3708 338 3741 eas
353 3707 415 3740 nunc
430 3692 512 3739 offerre
527 3708 564 3739 co·
616 3691 713 3740 AEneid.
724 3691 757 3738 iii.
768 3693 809 3740 49.
843 3690 1111 3745 lrritnmen,uti.140.

142 3767 223 3831 regina
233 3766 303 3814 modo
313 3766 457 3814 beatissima.
478 3766 566 3813 Contra
616 3782 665 3827 opes
685 3768 831 3814 irritamento
852 3767 972 3812 mulorum.
1006 3763 1112 3811 Similem

156 3840 238 3905 Eurip.
256 3838 342 3888 Troad.
366 3841 436 3887 1249.
457 3839 566 3887 πλούσια
616 3839 755 3887 sententiam
768 3837 835 3886 addit
848 3838 974 3901 Virgilius:
994 3836 1112 3889 Quirinos

137 3930 227 3980 spara.
240 3914 325 3962 divites
342 3914 440 3969 inferias,
455 3929 515 3977 quas
533 3913 567 3960 ibi
616 3914 721 3960 mostello
736 3923 826 3972 pertus-s
841 3915 910 3974 rogis,
922 3912 982 3956 ,luri
996 3924 1060 3954 sucro
1069 3908 1113 3970 fs·

137 3987 159 4036 it
178 3988 231 4053 ipsa
253 3988 353 4036 Hecuba
378 3987 421 4035 hoc
443 3986 484 4034 tali
507 3995 567 4035 tem·
616 3989 677 4034 mes?
693 3986 770 4034 Etiam
790 4002 803 4032 a
820 3982 949 4048 Propertio,
968 3980 1112 4028 uastas

616 4059 773 4108 abominabile
794 4059 837 4106 hoc
857 4056 960 4105 avaritia
978 4052 1113 4118 exemplum

137 4135 159 4186 9.
176 4134 348 4192 contrariam
361 4134 459 4184 adverso
470 4143 566 4197 atquae
616 4139 819 4181 commemoratur.
