<?xml version="1.0" encoding="UTF-8"?>
<!DOCTYPE html PUBLIC "-//W3C//DTD XHTML 1.0 Transitional//EN"
    "http://www.w3.org/TR/xhtml1/DTD/xhtml1-transitional.dtd">
<html xmlns="http://www.w3.org/1999/xhtml" xml:lang="en" lang="en">
 <head>
  <title>
</title>
<meta http-equiv="Content-Type" content="text/html;charset=utf-8" />
  <meta name='ocr-system' content='tesseract 3.04.00' />
  <meta name='ocr-capabilities' content='ocr_page ocr_carea ocr_par ocr_line ocrx_word'/>
</head>
<body>
  <div class='ocr_page' id='page_1' title='image "./povidiinasoniso05burmgoog_0085.png"; bbox 0 0 2774 5004; ppageno 0'>
   <div class='ocr_carea' id='block_1_1' title="bbox 292 293 1051 374">
    <p class='ocr_par' dir='ltr' id='par_1_1' title="bbox 292 293 1051 374">
     <span class='ocr_line' id='line_1_1' title="bbox 292 293 1051 374; baseline -0.007 0"><span class='ocrx_word' id='word_1_1' title='bbox 292 306 336 374; x_wconf 76' lang='lat'>⁷8</span> <span class='ocrx_word' id='word_1_2' title='bbox 588 293 628 369; x_wconf 87' lang='lat' dir='ltr'>P.</span> <span class='ocrx_word' id='word_1_3' title='bbox 652 303 815 370; x_wconf 89' lang='lat' dir='ltr'>OVIDII</span> <span class='ocrx_word' id='word_1_4' title='bbox 838 302 1051 369; x_wconf 83' lang='lat' dir='ltr'><strong>NASONIS</strong></span> 
     </span>
    </p>
   </div>
   <div class='ocr_carea' id='block_1_2' title="bbox 289 478 1342 1854">
    <p class='ocr_par' dir='ltr' id='par_1_2' title="bbox 289 478 1342 1854">
     <span class='ocr_line' id='line_1_2' title="bbox 290 478 1336 578; baseline -0.004 -22"><span class='ocrx_word' id='word_1_5' title='bbox 290 480 526 556; x_wconf 83' lang='lat' dir='ltr'>Concubitus</span> <span class='ocrx_word' id='word_1_6' title='bbox 543 479 680 553; x_wconf 88' lang='lat' dir='ltr'>vetitos</span> <span class='ocrx_word' id='word_1_7' title='bbox 698 488 873 578; x_wconf 81' lang='lat' dir='ltr'><strong>poterant</strong></span> <span class='ocrx_word' id='word_1_8' title='bbox 891 478 1060 553; x_wconf 85' lang='lat' dir='ltr'>inhibere</span> <span class='ocrx_word' id='word_1_9' title='bbox 1080 479 1239 576; x_wconf 91' lang='lat' dir='ltr'>paterni.</span> <span class='ocrx_word' id='word_1_10' title='bbox 1272 484 1336 552; x_wconf 84' lang='grc'>124</span> 
     </span>
     <span class='ocr_line' id='line_1_3' title="bbox 292 595 1301 693; baseline -0.004 -21"><span class='ocrx_word' id='word_1_11' title='bbox 292 597 408 672; x_wconf 87' lang='lat' dir='ltr'><strong>Haud</strong></span> <span class='ocrx_word' id='word_1_12' title='bbox 425 609 553 670; x_wconf 90' lang='lat' dir='ltr'>tamen</span> <span class='ocrx_word' id='word_1_13' title='bbox 570 596 741 693; x_wconf 84' lang='lat' dir='ltr'>effugies,</span> <span class='ocrx_word' id='word_1_14' title='bbox 760 595 933 692; x_wconf 88' lang='lat' dir='ltr'>quamvis</span> <span class='ocrx_word' id='word_1_15' title='bbox 950 619 1025 693; x_wconf 88' lang='lat' dir='ltr'>ope</span> <span class='ocrx_word' id='word_1_16' title='bbox 1044 595 1130 668; x_wconf 88' lang='lat' dir='ltr'>fidis</span> <span class='ocrx_word' id='word_1_17' title='bbox 1148 596 1301 693; x_wconf 90' lang='lat' dir='ltr'>equina.</span> 
     </span>
     <span class='ocr_line' id='line_1_4' title="bbox 290 710 1341 811; baseline -0.001 -25"><span class='ocrx_word' id='word_1_18' title='bbox 290 715 469 800; x_wconf 87' lang='lat' dir='ltr'><strong>Vulnere,</strong></span> <span class='ocrx_word' id='word_1_19' title='bbox 482 738 556 786; x_wconf 94' lang='lat' dir='ltr'>non</span> <span class='ocrx_word' id='word_1_20' title='bbox 575 713 737 811; x_wconf 86' lang='lat' dir='ltr'>pedibus</span> <span class='ocrx_word' id='word_1_21' title='bbox 751 723 789 785; x_wconf 91' lang='lat' dir='ltr'>te</span> <span class='ocrx_word' id='word_1_22' title='bbox 803 712 1053 808; x_wconf 87' lang='lat' dir='ltr'>consequar.”</span> <span class='ocrx_word' id='word_1_23' title='bbox 1082 710 1230 786; x_wconf 88' lang='lat' dir='ltr'>Ultima</span> <span class='ocrx_word' id='word_1_24' title='bbox 1243 712 1341 785; x_wconf 89' lang='lat' dir='ltr'>dicta</span> 
     </span>
     <span class='ocr_line' id='line_1_5' title="bbox 294 827 1211 929; baseline -0.001 -26"><span class='ocrx_word' id='word_1_25' title='bbox 294 829 354 904; x_wconf 90' lang='lat' dir='ltr'>Re</span> <span class='ocrx_word' id='word_1_26' title='bbox 372 831 526 929; x_wconf 91' lang='lat' dir='ltr'>probat;</span> <span class='ocrx_word' id='word_1_27' title='bbox 556 840 595 902; x_wconf 90' lang='lat' dir='ltr'>et</span> <span class='ocrx_word' id='word_1_28' title='bbox 613 830 729 902; x_wconf 87' lang='lat' dir='ltr'>missa</span> <span class='ocrx_word' id='word_1_29' title='bbox 744 827 928 924; x_wconf 87' lang='lat' dir='ltr'>fugientia</span> <span class='ocrx_word' id='word_1_30' title='bbox 944 839 1052 924; x_wconf 88' lang='lat' dir='ltr'>terga</span> <span class='ocrx_word' id='word_1_31' title='bbox 1069 829 1211 924; x_wconf 89' lang='lat' dir='ltr'>sagitta</span> 
     </span>
     <span class='ocr_line' id='line_1_6' title="bbox 289 944 1273 1044; baseline -0.003 -25"><span class='ocrx_word' id='word_1_32' title='bbox 289 945 465 1044; x_wconf 88' lang='lat' dir='ltr'>Trajicit:</span> <span class='ocrx_word' id='word_1_33' title='bbox 494 947 651 1019; x_wconf 84' lang='lat' dir='ltr'><strong>extabat</strong></span> <span class='ocrx_word' id='word_1_34' title='bbox 668 944 810 1019; x_wconf 87' lang='lat' dir='ltr'>ferrum</span> <span class='ocrx_word' id='word_1_35' title='bbox 830 944 879 1017; x_wconf 93' lang='lat' dir='ltr'>de</span> <span class='ocrx_word' id='word_1_36' title='bbox 896 958 1050 1042; x_wconf 87' lang='lat' dir='ltr'>pectore</span> <span class='ocrx_word' id='word_1_37' title='bbox 1068 947 1273 1019; x_wconf 88' lang='lat' dir='ltr'>aduncum.</span> 
     </span>
     <span class='ocr_line' id='line_1_7' title="bbox 292 1061 1341 1158; baseline -0.002 -22"><span class='ocrx_word' id='word_1_38' title='bbox 292 1061 405 1147; x_wconf 87' lang='lat' dir='ltr'>Quod</span> <span class='ocrx_word' id='word_1_39' title='bbox 432 1061 541 1135; x_wconf 92' lang='lat' dir='ltr'>simul</span> <span class='ocrx_word' id='word_1_40' title='bbox 568 1062 740 1135; x_wconf 89' lang='lat' dir='ltr'>evulsum</span> <span class='ocrx_word' id='word_1_41' title='bbox 767 1070 839 1145; x_wconf 86' lang='lat' dir='ltr'>est,</span> <span class='ocrx_word' id='word_1_42' title='bbox 867 1061 1020 1156; x_wconf 84' lang='lat' dir='ltr'>sanguis</span> <span class='ocrx_word' id='word_1_43' title='bbox 1048 1085 1114 1158; x_wconf 93' lang='lat' dir='ltr'>per</span> <span class='ocrx_word' id='word_1_44' title='bbox 1141 1074 1341 1157; x_wconf 88' lang='lat' dir='ltr'>utrumque</span> 
     </span>
     <span class='ocr_line' id='line_1_8' title="bbox 442 1177 1339 1252; baseline -0.001 -2"><span class='ocrx_word' id='word_1_45' title='bbox 442 1177 609 1252; x_wconf 83' lang='lat' dir='ltr'>foramen</span> <span class='ocrx_word' id='word_1_46' title='bbox 1274 1180 1339 1249; x_wconf 82' lang='lat'>129</span> 
     </span>
     <span class='ocr_line' id='line_1_9' title="bbox 293 1290 1342 1386; baseline -0.006 -17"><span class='ocrx_word' id='word_1_47' title='bbox 293 1294 471 1381; x_wconf 84' lang='lat' dir='ltr'><strong>Emicuit,</strong></span> <span class='ocrx_word' id='word_1_48' title='bbox 490 1294 633 1368; x_wconf 86' lang='lat' dir='ltr'>mixtus</span> <span class='ocrx_word' id='word_1_49' title='bbox 654 1290 798 1365; x_wconf 83' lang='lat' dir='ltr'><strong>Lernaei</strong></span> <span class='ocrx_word' id='word_1_50' title='bbox 817 1292 904 1365; x_wconf 91' lang='lat' dir='ltr'>tabe</span> <span class='ocrx_word' id='word_1_51' title='bbox 921 1291 1067 1366; x_wconf 90' lang='lat' dir='ltr'>veneni.</span> <span class='ocrx_word' id='word_1_52' title='bbox 1171 1291 1299 1386; x_wconf 91' lang='lat' dir='ltr'>[inulti</span> <span class='ocrx_word' id='word_1_53' title='bbox 1311 1292 1342 1378; x_wconf 88' lang='lat'>;”</span> 
     </span>
     <span class='ocr_line' id='line_1_10' title="bbox 295 1408 1342 1511; baseline -0.006 -25"><span class='ocrx_word' id='word_1_54' title='bbox 295 1412 451 1511; x_wconf 85' lang='lat' dir='ltr'>Excipit</span> <span class='ocrx_word' id='word_1_55' title='bbox 474 1411 575 1485; x_wconf 91' lang='lat' dir='ltr'>hunc</span> <span class='ocrx_word' id='word_1_56' title='bbox 604 1409 773 1484; x_wconf 87' lang='lat' dir='ltr'><strong>Nessus:</strong></span> <span class='ocrx_word' id='word_1_57' title='bbox 803 1408 986 1506; x_wconf 88' lang='lat' dir='ltr'>“Neque</span> <span class='ocrx_word' id='word_1_58' title='bbox 1016 1408 1116 1483; x_wconf 91' lang='lat' dir='ltr'>enim</span> <span class='ocrx_word' id='word_1_59' title='bbox 1142 1409 1342 1482; x_wconf 90' lang='lat' dir='ltr'>moriemur</span> 
     </span>
     <span class='ocr_line' id='line_1_11' title="bbox 293 1524 1227 1603; baseline -0.004 0"><span class='ocrx_word' id='word_1_60' title='bbox 293 1529 433 1603; x_wconf 88' lang='lat' dir='ltr'><strong>Secum</strong></span> <span class='ocrx_word' id='word_1_61' title='bbox 451 1527 525 1601; x_wconf 88' lang='lat' dir='ltr'>ait:</span> <span class='ocrx_word' id='word_1_62' title='bbox 555 1536 594 1600; x_wconf 90' lang='lat' dir='ltr'>et</span> <span class='ocrx_word' id='word_1_63' title='bbox 610 1526 732 1599; x_wconf 86' lang='lat' dir='ltr'>calido</span> <span class='ocrx_word' id='word_1_64' title='bbox 749 1524 933 1597; x_wconf 90' lang='lat' dir='ltr'>velamina</span> <span class='ocrx_word' id='word_1_65' title='bbox 951 1525 1074 1598; x_wconf 90' lang='lat' dir='ltr'>tincta</span> <span class='ocrx_word' id='word_1_66' title='bbox 1092 1547 1227 1599; x_wconf 90' lang='lat' dir='ltr'>cruore</span> 
     </span>
     <span class='ocr_line' id='line_1_12' title="bbox 292 1639 1341 1740; baseline -0.007 -21"><span class='ocrx_word' id='word_1_67' title='bbox 292 1645 371 1719; x_wconf 92' lang='lat' dir='ltr'>Dat</span> <span class='ocrx_word' id='word_1_68' title='bbox 388 1667 523 1716; x_wconf 92' lang='lat' dir='ltr'>munus</span> <span class='ocrx_word' id='word_1_69' title='bbox 542 1651 671 1740; x_wconf 86' lang='lat' dir='ltr'>raptae,</span> <span class='ocrx_word' id='word_1_70' title='bbox 690 1640 793 1713; x_wconf 87' lang='lat' dir='ltr'>velut</span> <span class='ocrx_word' id='word_1_71' title='bbox 810 1639 1000 1714; x_wconf 87' lang='lat' dir='ltr'>irritamen</span> <span class='ocrx_word' id='word_1_72' title='bbox 1017 1641 1167 1714; x_wconf 82' lang='lat' dir='ltr'>amoris,</span> <span class='ocrx_word' id='word_1_73' title='bbox 1197 1641 1341 1737; x_wconf 88' lang='lat' dir='ltr'>[magni</span> 
     </span>
     <span class='ocr_line' id='line_1_13' title="bbox 342 1754 1340 1854; baseline -0.003 -22"><span class='ocrx_word' id='word_1_74' title='bbox 342 1759 418 1833; x_wconf 92' lang='grc' dir='ltr'><strong>ΙΙΙ.</strong></span> <span class='ocrx_word' id='word_1_75' title='bbox 449 1757 579 1854; x_wconf 86' lang='lat' dir='ltr'>Longa</span> <span class='ocrx_word' id='word_1_76' title='bbox 600 1755 671 1828; x_wconf 84' lang='lat' dir='ltr'>fuit</span> <span class='ocrx_word' id='word_1_77' title='bbox 693 1754 806 1828; x_wconf 92' lang='lat' dir='ltr'>medii</span> <span class='ocrx_word' id='word_1_78' title='bbox 831 1779 935 1830; x_wconf 93' lang='lat' dir='ltr'>mora</span> <span class='ocrx_word' id='word_1_79' title='bbox 956 1756 1150 1854; x_wconf 89' lang='lat' dir='ltr'>temporis,</span> <span class='ocrx_word' id='word_1_80' title='bbox 1179 1769 1340 1853; x_wconf 90' lang='lat' dir='ltr'>actaque</span> 
     </span>
    </p>
   </div>
   <div class='ocr_carea' id='block_1_3' title="bbox 233 1996 1341 4218">
    <p class='ocr_par' dir='ltr' id='par_1_3' title="bbox 233 1996 1341 4218">
     <span class='ocr_line' id='line_1_14' title="bbox 293 1996 1341 2066; baseline 0 -20"><span class='ocrx_word' id='word_1_81' title='bbox 293 2013 390 2066; x_wconf 82' lang='lat' dir='ltr'>poenarn</span> <span class='ocrx_word' id='word_1_82' title='bbox 401 1997 473 2064; x_wconf 78' lang='lat' dir='ltr'>patria</span> <span class='ocrx_word' id='word_1_83' title='bbox 483 1996 581 2053; x_wconf 76' lang='lat' dir='ltr'>Ixionis,</span> <span class='ocrx_word' id='word_1_84' title='bbox 590 1998 632 2062; x_wconf 92' lang='lat' dir='ltr'>qui</span> <span class='ocrx_word' id='word_1_85' title='bbox 641 2006 698 2046; x_wconf 71' lang='lat' dir='ltr'>rote</span> <span class='ocrx_word' id='word_1_86' title='bbox 708 1996 791 2062; x_wconf 75' lang='lat' dir='ltr'>alliga-</span> <span class='ocrx_word' id='word_1_87' title='bbox 842 1998 1041 2049; x_wconf 82' lang='lat' dir='ltr'>medicamentum</span> <span class='ocrx_word' id='word_1_88' title='bbox 1057 1999 1208 2055; x_wconf 85' lang='lat' dir='ltr'>traditurum,</span> <span class='ocrx_word' id='word_1_89' title='bbox 1224 2015 1272 2063; x_wconf 92' lang='lat' dir='ltr'>quo</span> <span class='ocrx_word' id='word_1_90' title='bbox 1291 1999 1341 2047; x_wconf 87' lang='lat' dir='ltr'>nul·</span> 
     </span>
     <span class='ocr_line' id='line_1_15' title="bbox 293 2071 1339 2139; baseline -0.003 -15"><span class='ocrx_word' id='word_1_91' title='bbox 293 2084 332 2124; x_wconf 80' lang='lat' dir='ltr'>tur</span> <span class='ocrx_word' id='word_1_92' title='bbox 347 2072 441 2123; x_wconf 71' lang='lat' dir='ltr'>assidue</span> <span class='ocrx_word' id='word_1_93' title='bbox 452 2071 555 2121; x_wconf 84' lang='lat' dir='ltr'>volvitur</span> <span class='ocrx_word' id='word_1_94' title='bbox 571 2071 596 2120; x_wconf 91' lang='lat' dir='ltr'>in</span> <span class='ocrx_word' id='word_1_95' title='bbox 606 2071 710 2120; x_wconf 79' lang='lat' dir='ltr'>Tartaris</span> <span class='ocrx_word' id='word_1_96' title='bbox 724 2087 793 2136; x_wconf 86' lang='lat' dir='ltr'>prop·</span> <span class='ocrx_word' id='word_1_97' title='bbox 842 2074 890 2121; x_wconf 88' lang='lat' dir='ltr'>lam</span> <span class='ocrx_word' id='word_1_98' title='bbox 901 2083 985 2139; x_wconf 72' lang='lat' dir='ltr'>preter</span> <span class='ocrx_word' id='word_1_99' title='bbox 995 2091 1020 2124; x_wconf 80' lang='lat' dir='ltr'>ee</span> <span class='ocrx_word' id='word_1_100' title='bbox 1032 2073 1154 2123; x_wconf 86' lang='lat' dir='ltr'>mulierem</span> <span class='ocrx_word' id='word_1_101' title='bbox 1167 2074 1285 2123; x_wconf 75' lang='lat' dir='ltr'>Herculea</span> <span class='ocrx_word' id='word_1_102' title='bbox 1297 2090 1339 2137; x_wconf 83' lang='lat' dir='ltr'>np-</span> 
     </span>
     <span class='ocr_line' id='line_1_16' title="bbox 293 2146 942 2214; baseline -0.002 -16"><span class='ocrx_word' id='word_1_103' title='bbox 293 2156 330 2198; x_wconf 85' lang='lat' dir='ltr'>ter</span> <span class='ocrx_word' id='word_1_104' title='bbox 340 2150 470 2198; x_wconf 59' lang='lat' dir='ltr'>conmutat</span> <span class='ocrx_word' id='word_1_105' title='bbox 479 2149 566 2202; x_wconf 77' lang='lat' dir='ltr'>veritur,</span> <span class='ocrx_word' id='word_1_106' title='bbox 577 2146 634 2211; x_wconf 84' lang='lat' dir='ltr'>quia</span> <span class='ocrx_word' id='word_1_107' title='bbox 645 2146 692 2193; x_wconf 86' lang='lat' dir='ltr'>rim</span> <span class='ocrx_word' id='word_1_108' title='bbox 708 2146 793 2194; x_wconf 78' lang='lat' dir='ltr'>inferre</span> <span class='ocrx_word' id='word_1_109' title='bbox 843 2157 942 2214; x_wconf 83' lang='lat' dir='ltr'>peteret.</span> 
     </span>
     <span class='ocr_line' id='line_1_17' title="bbox 293 2219 1339 2278; baseline -0.005 -5"><span class='ocrx_word' id='word_1_110' title='bbox 293 2222 399 2273; x_wconf 80' lang='lat' dir='ltr'>voluerat</span> <span class='ocrx_word' id='word_1_111' title='bbox 418 2221 522 2273; x_wconf 84' lang='lat' dir='ltr'>Junoni:</span> <span class='ocrx_word' id='word_1_112' title='bbox 551 2220 606 2269; x_wconf 86' lang='lat' dir='ltr'>ride</span> <span class='ocrx_word' id='word_1_113' title='bbox 627 2220 658 2268; x_wconf 86' lang='lat' dir='ltr'>ad</span> <span class='ocrx_word' id='word_1_114' title='bbox 683 2219 716 2268; x_wconf 89' lang='lat' dir='ltr'>iv.</span> <span class='ocrx_word' id='word_1_115' title='bbox 737 2221 793 2269; x_wconf 78' lang='lat'><strong>464.</strong></span> <span class='ocrx_word' id='word_1_116' title='bbox 878 2225 932 2272; x_wconf 78' lang='grc'><strong>133.</strong></span> <span class='ocrx_word' id='word_1_117' title='bbox 950 2222 1073 2271; x_wconf 78' lang='lat' dir='ltr'>irritamen</span> <span class='ocrx_word' id='word_1_118' title='bbox 1091 2226 1183 2278; x_wconf 73' lang='lat' dir='ltr'>amoris,</span> <span class='ocrx_word' id='word_1_119' title='bbox 1200 2221 1339 2277; x_wconf 82' lang='lat' dir='ltr'>remedium,</span> 
     </span>
     <span class='ocr_line' id='line_1_18' title="bbox 292 2288 1339 2363; baseline -0.008 -13"><span class='ocrx_word' id='word_1_120' title='bbox 292 2296 330 2344; x_wconf 71' lang='lat' dir='ltr'>Ex</span> <span class='ocrx_word' id='word_1_121' title='bbox 341 2295 436 2344; x_wconf 76' lang='lat' dir='ltr'>uubein</span> <span class='ocrx_word' id='word_1_122' title='bbox 445 2293 547 2344; x_wconf 75' lang='lat' dir='ltr'>Jun⁰1¹i⁸</span> <span class='ocrx_word' id='word_1_123' title='bbox 556 2294 609 2342; x_wconf 75' lang='lat'><strong>¹000</strong></span> <span class='ocrx_word' id='word_1_124' title='bbox 620 2293 721 2358; x_wconf 67' lang='lat' dir='ltr'>objecta,</span> <span class='ocrx_word' id='word_1_125' title='bbox 732 2309 790 2357; x_wconf 71' lang='lat'><strong>(1¹1⁸-</strong></span> <span class='ocrx_word' id='word_1_126' title='bbox 841 2313 888 2363; x_wconf 88' lang='lat' dir='ltr'>qno</span> <span class='ocrx_word' id='word_1_127' title='bbox 904 2297 1011 2362; x_wconf 80' lang='lat' dir='ltr'>conjugis</span> <span class='ocrx_word' id='word_1_128' title='bbox 1027 2312 1130 2345; x_wconf 84' lang='lat' dir='ltr'>aurorem</span> <span class='ocrx_word' id='word_1_129' title='bbox 1145 2288 1339 2360; x_wconf 82' lang='lat' dir='ltr'>languescentem</span> 
     </span>
     <span class='ocr_line' id='line_1_19' title="bbox 233 2367 1339 2436; baseline -0.005 -16"><span class='ocrx_word' id='word_1_130' title='bbox 233 2372 239 2390; x_wconf 51' lang='lat'>¹*</span> <span class='ocrx_word' id='word_1_131' title='bbox 293 2386 348 2420; x_wconf 90' lang='lat' dir='ltr'>cum</span> <span class='ocrx_word' id='word_1_132' title='bbox 365 2370 438 2420; x_wconf 85' lang='lat' dir='ltr'>etiarn</span> <span class='ocrx_word' id='word_1_133' title='bbox 458 2369 515 2426; x_wconf 88' lang='lat' dir='ltr'>coit,</span> <span class='ocrx_word' id='word_1_134' title='bbox 530 2368 581 2416; x_wconf 84' lang='lat' dir='ltr'>nati</span> <span class='ocrx_word' id='word_1_135' title='bbox 600 2380 655 2417; x_wconf 79' lang='lat' dir='ltr'>sunt</span> <span class='ocrx_word' id='word_1_136' title='bbox 669 2367 791 2425; x_wconf 77' lang='lat' dir='ltr'>Centauri,</span> <span class='ocrx_word' id='word_1_137' title='bbox 841 2371 932 2420; x_wconf 87' lang='lat' dir='ltr'>irritare</span> <span class='ocrx_word' id='word_1_138' title='bbox 948 2370 1028 2436; x_wconf 74' lang='lat' dir='ltr'>possit.</span> <span class='ocrx_word' id='word_1_139' title='bbox 1063 2371 1181 2418; x_wconf 74' lang='lat' dir='ltr'>Philtrrrm</span> <span class='ocrx_word' id='word_1_140' title='bbox 1194 2379 1292 2418; x_wconf 82' lang='lat' dir='ltr'>vocatur</span> <span class='ocrx_word' id='word_1_141' title='bbox 1310 2369 1339 2416; x_wconf 81' lang='lat' dir='ltr'>ab</span> 
     </span>
     <span class='ocr_line' id='line_1_20' title="bbox 292 2442 1340 2510; baseline -0.004 -16"><span class='ocrx_word' id='word_1_142' title='bbox 292 2443 349 2495; x_wconf 88' lang='lat' dir='ltr'>inde</span> <span class='ocrx_word' id='word_1_143' title='bbox 369 2445 502 2509; x_wconf 81' lang='lat' dir='ltr'>Nubiganre</span> <span class='ocrx_word' id='word_1_144' title='bbox 521 2443 588 2492; x_wconf 85' lang='lat' dir='ltr'>dicti.</span> <span class='ocrx_word' id='word_1_145' title='bbox 622 2442 734 2498; x_wconf 71' lang='lat' dir='ltr'>Inuum,</span> <span class='ocrx_word' id='word_1_146' title='bbox 750 2443 792 2491; x_wconf 88' lang='lat' dir='ltr'>de·</span> <span class='ocrx_word' id='word_1_147' title='bbox 841 2445 931 2510; x_wconf 78' lang='lat' dir='ltr'>Hygin.</span> <span class='ocrx_word' id='word_1_148' title='bbox 941 2454 966 2494; x_wconf 86' lang='lat' dir='ltr'>et</span> <span class='ocrx_word' id='word_1_149' title='bbox 977 2443 1097 2509; x_wconf 82' lang='lat' dir='ltr'>Apollod;</span> <span class='ocrx_word' id='word_1_150' title='bbox 1114 2459 1217 2508; x_wconf 83' lang='lat' dir='ltr'>namque</span> <span class='ocrx_word' id='word_1_151' title='bbox 1228 2442 1340 2508; x_wconf 74' lang='grc' dir='ltr'>φίλτρον,</span> 
     </span>
     <span class='ocr_line' id='line_1_21' title="bbox 293 2515 1340 2585; baseline -0.005 -17"><span class='ocrx_word' id='word_1_152' title='bbox 293 2529 387 2568; x_wconf 85' lang='lat' dir='ltr'>terrere.</span> <span class='ocrx_word' id='word_1_153' title='bbox 410 2520 457 2581; x_wconf 76' lang='lat' dir='ltr'>Ope</span> <span class='ocrx_word' id='word_1_154' title='bbox 467 2520 558 2581; x_wconf 75' lang='lat' dir='ltr'>equina,</span> <span class='ocrx_word' id='word_1_155' title='bbox 565 2515 693 2566; x_wconf 82' lang='lat' dir='ltr'>velocitate</span> <span class='ocrx_word' id='word_1_156' title='bbox 704 2518 792 2583; x_wconf 74' lang='lat' dir='ltr'>pedum</span> <span class='ocrx_word' id='word_1_157' title='bbox 841 2519 1010 2585; x_wconf 83' lang='lat' dir='ltr'>interpretante</span> <span class='ocrx_word' id='word_1_158' title='bbox 1019 2519 1098 2568; x_wconf 77' lang='lat' dir='ltr'>Treta.</span> <span class='ocrx_word' id='word_1_159' title='bbox 1106 2518 1137 2567; x_wconf 83' lang='lat' dir='ltr'>ad</span> <span class='ocrx_word' id='word_1_160' title='bbox 1144 2516 1265 2582; x_wconf 85' lang='lat' dir='ltr'>Lycophr.</span> <span class='ocrx_word' id='word_1_161' title='bbox 1272 2532 1295 2580; x_wconf 92' lang='lat' dir='ltr'>p.</span> <span class='ocrx_word' id='word_1_162' title='bbox 1304 2517 1340 2564; x_wconf 79' lang='lat'>14.</span> 
     </span>
     <span class='ocr_line' id='line_1_22' title="bbox 291 2589 1339 2659; baseline -0.004 -16"><span class='ocrx_word' id='word_1_163' title='bbox 291 2593 440 2659; x_wconf 75' lang='lat' dir='ltr'>equinorum.</span> <span class='ocrx_word' id='word_1_164' title='bbox 841 2603 885 2650; x_wconf 79' lang='lat' dir='ltr'>est,</span> <span class='ocrx_word' id='word_1_165' title='bbox 905 2593 991 2659; x_wconf 73' lang='grc' dir='ltr'><strong>φιλίαν</strong></span> <span class='ocrx_word' id='word_1_166' title='bbox 1015 2592 1169 2642; x_wconf 70' lang='grc' dir='ltr'>ἐπισπᾶσθαι</span> <span class='ocrx_word' id='word_1_167' title='bbox 1190 2589 1339 2655; x_wconf 75' lang='grc' dir='ltr'><strong><em>δυνάμενον,</em></strong></span> 
     </span>
     <span class='ocr_line' id='line_1_23' title="bbox 328 2663 1339 2733; baseline -0.004 -18"><span class='ocrx_word' id='word_1_168' title='bbox 328 2668 384 2718; x_wconf 80' lang='lat'><strong>126.</strong></span> <span class='ocrx_word' id='word_1_169' title='bbox 412 2667 518 2722; x_wconf 81' lang='lat' dir='ltr'>Vulnere,</span> <span class='ocrx_word' id='word_1_170' title='bbox 544 2664 632 2729; x_wconf 75' lang='lat' dir='ltr'>sagitta</span> <span class='ocrx_word' id='word_1_171' title='bbox 659 2663 788 2713; x_wconf 83' lang='lat' dir='ltr'>vulnifica:</span> <span class='ocrx_word' id='word_1_172' title='bbox 842 2668 906 2733; x_wconf 88' lang='lat' dir='ltr'>quod</span> <span class='ocrx_word' id='word_1_173' title='bbox 922 2666 1011 2715; x_wconf 87' lang='lat' dir='ltr'>irritare</span> <span class='ocrx_word' id='word_1_174' title='bbox 1028 2682 1130 2715; x_wconf 88' lang='lat' dir='ltr'>amorem</span> <span class='ocrx_word' id='word_1_175' title='bbox 1146 2673 1243 2731; x_wconf 76' lang='lat' dir='ltr'>potest5</span> <span class='ocrx_word' id='word_1_176' title='bbox 1261 2666 1339 2712; x_wconf 76' lang='lat' dir='ltr'>confer</span> 
     </span>
     <span class='ocr_line' id='line_1_24' title="bbox 293 2739 1339 2807; baseline -0.005 -16"><span class='ocrx_word' id='word_1_177' title='bbox 293 2741 362 2807; x_wconf 79' lang='lat' dir='ltr'>Virg.</span> <span class='ocrx_word' id='word_1_178' title='bbox 374 2742 432 2790; x_wconf 80' lang='lat' dir='ltr'>AEn.</span> <span class='ocrx_word' id='word_1_179' title='bbox 442 2740 469 2789; x_wconf 87' lang='lat' dir='ltr'>ii.</span> <span class='ocrx_word' id='word_1_180' title='bbox 478 2741 536 2790; x_wconf 74' lang='lat'><strong>529.</strong></span> <span class='ocrx_word' id='word_1_181' title='bbox 546 2740 629 2804; x_wconf 82' lang='lat' dir='ltr'>inferto</span> <span class='ocrx_word' id='word_1_182' title='bbox 645 2741 739 2786; x_wconf 77' lang='lat' dir='ltr'>vrrinere</span> <span class='ocrx_word' id='word_1_183' title='bbox 753 2742 789 2787; x_wconf 83' lang='lat' dir='ltr'>irr-</span> <span class='ocrx_word' id='word_1_184' title='bbox 841 2758 889 2790; x_wconf 86' lang='lat' dir='ltr'>ver.</span> <span class='ocrx_word' id='word_1_185' title='bbox 903 2742 962 2790; x_wconf 74' lang='lat'>154:</span> <span class='ocrx_word' id='word_1_186' title='bbox 981 2740 1080 2788; x_wconf 77' lang='lat' dir='ltr'>irritare</span> <span class='ocrx_word' id='word_1_187' title='bbox 1095 2757 1180 2787; x_wconf 80' lang='lat' dir='ltr'>amor-er</span> <span class='ocrx_word' id='word_1_188' title='bbox 1195 2750 1232 2788; x_wconf 87' lang='lat' dir='ltr'>est</span> <span class='ocrx_word' id='word_1_189' title='bbox 1248 2739 1264 2786; x_wconf 91' lang='lat' dir='ltr'>i.</span> <span class='ocrx_word' id='word_1_190' title='bbox 1276 2740 1339 2798; x_wconf 70' lang='lat'>4625</span> 
     </span>
     <span class='ocr_line' id='line_1_25' title="bbox 289 2810 1338 2879; baseline 0.001 -18"><span class='ocrx_word' id='word_1_191' title='bbox 289 2817 406 2879; x_wconf 71' lang='lat' dir='ltr'>requitur:</span> <span class='ocrx_word' id='word_1_192' title='bbox 433 2814 488 2862; x_wconf 85' lang='lat' dir='ltr'>vida</span> <span class='ocrx_word' id='word_1_193' title='bbox 509 2813 584 2861; x_wconf 86' lang='lat' dir='ltr'>Dralr.</span> <span class='ocrx_word' id='word_1_194' title='bbox 603 2811 634 2860; x_wconf 91' lang='lat' dir='ltr'>ad</span> <span class='ocrx_word' id='word_1_195' title='bbox 655 2810 748 2870; x_wconf 89' lang='lat' dir='ltr'>Silium,</span> <span class='ocrx_word' id='word_1_196' title='bbox 767 2830 789 2861; x_wconf 85' lang='lat' dir='ltr'>v.</span> <span class='ocrx_word' id='word_1_197' title='bbox 840 2817 881 2867; x_wconf 90' lang='lat' dir='ltr'>ubi</span> <span class='ocrx_word' id='word_1_198' title='bbox 898 2815 1128 2864; x_wconf 87' lang='lat' dir='ltr'>vid.Burmannum.</span> <span class='ocrx_word' id='word_1_199' title='bbox 1163 2815 1255 2876; x_wconf 65' lang='lat' dir='ltr'>Rapta,</span> <span class='ocrx_word' id='word_1_200' title='bbox 1268 2829 1338 2878; x_wconf 78' lang='lat' dir='ltr'>quarn</span> 
     </span>
     <span class='ocr_line' id='line_1_26' title="bbox 291 2887 1040 2956; baseline -0.001 -19"><span class='ocrx_word' id='word_1_201' title='bbox 291 2889 355 2947; x_wconf 71' lang='lat'>2515</span> <span class='ocrx_word' id='word_1_202' title='bbox 372 2889 457 2936; x_wconf 89' lang='lat' dir='ltr'>Senec.</span> <span class='ocrx_word' id='word_1_203' title='bbox 473 2887 546 2935; x_wconf 84' lang='lat' dir='ltr'>Herc.</span> <span class='ocrx_word' id='word_1_204' title='bbox 563 2887 612 2935; x_wconf 87' lang='lat' dir='ltr'>OEt.</span> <span class='ocrx_word' id='word_1_205' title='bbox 630 2887 687 2934; x_wconf 79' lang='grc'><strong>516.</strong></span> <span class='ocrx_word' id='word_1_206' title='bbox 707 2887 788 2936; x_wconf 75' lang='lat' dir='ltr'>Conra-</span> <span class='ocrx_word' id='word_1_207' title='bbox 838 2907 921 2956; x_wconf 83' lang='lat' dir='ltr'>rapere</span> <span class='ocrx_word' id='word_1_208' title='bbox 931 2891 1040 2955; x_wconf 87' lang='lat' dir='ltr'>parabat.</span> 
     </span>
     <span class='ocr_line' id='line_1_27' title="bbox 291 2960 1338 3026; baseline 0 -18"><span class='ocrx_word' id='word_1_209' title='bbox 291 2962 504 3026; x_wconf 74' lang='lat' dir='ltr'>prrarteiosugom.</span> <span class='ocrx_word' id='word_1_210' title='bbox 873 2965 1009 3014; x_wconf 74' lang='lat' dir='ltr'>lat-138.</span> <span class='ocrx_word' id='word_1_211' title='bbox 1033 2964 1129 3013; x_wconf 76' lang='lat' dir='ltr'>confer.</span> <span class='ocrx_word' id='word_1_212' title='bbox 1150 2960 1271 3010; x_wconf 75' lang='lat' dir='ltr'>Diodorus</span> <span class='ocrx_word' id='word_1_213' title='bbox 1291 2961 1338 3011; x_wconf 85' lang='lat' dir='ltr'>Sic.</span> 
     </span>
     <span class='ocr_line' id='line_1_28' title="bbox 316 3034 1338 3105; baseline -0.005 -16"><span class='ocrx_word' id='word_1_214' title='bbox 316 3038 383 3085; x_wconf 62' lang='lat'>&gt;129·</span> <span class='ocrx_word' id='word_1_215' title='bbox 419 3035 485 3089; x_wconf 71' lang='lat' dir='ltr'>Quod</span> <span class='ocrx_word' id='word_1_216' title='bbox 511 3036 579 3082; x_wconf 68' lang='lat' dir='ltr'>timul</span> <span class='ocrx_word' id='word_1_217' title='bbox 607 3036 707 3083; x_wconf 70' lang='lat' dir='ltr'>evulwm</span> <span class='ocrx_word' id='word_1_218' title='bbox 733 3034 787 3098; x_wconf 55' lang='lat' dir='ltr'>eth]</span> <span class='ocrx_word' id='word_1_219' title='bbox 838 3042 870 3089; x_wconf 86' lang='lat' dir='ltr'>iv.</span> <span class='ocrx_word' id='word_1_220' title='bbox 888 3042 936 3100; x_wconf 82' lang='lat'>393</span> <span class='ocrx_word' id='word_1_221' title='bbox 956 3038 1067 3105; x_wconf 82' lang='lat' dir='ltr'>Apollod.</span> <span class='ocrx_word' id='word_1_222' title='bbox 1082 3038 1118 3085; x_wconf 88' lang='lat'>11.</span> <span class='ocrx_word' id='word_1_223' title='bbox 1135 3036 1175 3084; x_wconf 87' lang='lat' dir='ltr'>vii.</span> <span class='ocrx_word' id='word_1_224' title='bbox 1192 3038 1221 3095; x_wconf 87' lang='lat'>7;</span> <span class='ocrx_word' id='word_1_225' title='bbox 1239 3038 1338 3092; x_wconf 82' lang='lat' dir='ltr'>Seneca,</span> 
     </span>
     <span class='ocr_line' id='line_1_29' title="bbox 293 3108 1339 3177; baseline -0.003 -18"><span class='ocrx_word' id='word_1_226' title='bbox 293 3109 405 3160; x_wconf 73' lang='lat' dir='ltr'>Heinsius</span> <span class='ocrx_word' id='word_1_227' title='bbox 412 3108 508 3173; x_wconf 85' lang='lat' dir='ltr'>conjicit</span> <span class='ocrx_word' id='word_1_228' title='bbox 515 3110 633 3170; x_wconf 73' lang='lat' dir='ltr'>puorimul</span> <span class='ocrx_word' id='word_1_229' title='bbox 640 3109 723 3155; x_wconf 58' lang='lat' dir='ltr'>evuco.</span> <span class='ocrx_word' id='word_1_230' title='bbox 744 3108 789 3156; x_wconf 86' lang='lat' dir='ltr'>Tu·</span> <span class='ocrx_word' id='word_1_231' title='bbox 839 3117 911 3165; x_wconf 65' lang='lat' dir='ltr'>flere,</span> <span class='ocrx_word' id='word_1_232' title='bbox 928 3116 979 3164; x_wconf 81' lang='lat' dir='ltr'>OEt.</span> <span class='ocrx_word' id='word_1_233' title='bbox 996 3116 1044 3162; x_wconf 76' lang='lat'>223</span> <span class='ocrx_word' id='word_1_234' title='bbox 1063 3129 1116 3177; x_wconf 75' lang='lat' dir='ltr'><strong>sqq.</strong></span> <span class='ocrx_word' id='word_1_235' title='bbox 1150 3111 1240 3175; x_wconf 81' lang='lat' dir='ltr'>Hygini</span> <span class='ocrx_word' id='word_1_236' title='bbox 1258 3112 1339 3160; x_wconf 80' lang='lat' dir='ltr'>fabula</span> 
     </span>
     <span class='ocr_line' id='line_1_30' title="bbox 291 3181 1339 3250; baseline -0.008 -10"><span class='ocrx_word' id='word_1_237' title='bbox 291 3187 425 3240; x_wconf 66' lang='lat' dir='ltr'>bermo,</span> <span class='ocrx_word' id='word_1_238' title='bbox 437 3199 572 3232; x_wconf 74' lang='lat' dir='ltr'>venenum·</span> <span class='ocrx_word' id='word_1_239' title='bbox 595 3183 694 3231; x_wconf 74' lang='lat' dir='ltr'>Veneno</span> <span class='ocrx_word' id='word_1_240' title='bbox 709 3181 789 3247; x_wconf 68' lang='lat' dir='ltr'>hydra</span> <span class='ocrx_word' id='word_1_241' title='bbox 841 3192 889 3249; x_wconf 76' lang='lat'>363</span> <span class='ocrx_word' id='word_1_242' title='bbox 911 3189 1015 3244; x_wconf 77' lang='lat' dir='ltr'>Servius,</span> <span class='ocrx_word' id='word_1_243' title='bbox 1035 3186 1066 3236; x_wconf 79' lang='lat' dir='ltr'>ad</span> <span class='ocrx_word' id='word_1_244' title='bbox 1088 3187 1155 3250; x_wconf 74' lang='lat' dir='ltr'>virg.</span> <span class='ocrx_word' id='word_1_245' title='bbox 1175 3185 1275 3233; x_wconf 78' lang='lat' dir='ltr'>AEneiu.</span> <span class='ocrx_word' id='word_1_246' title='bbox 1293 3185 1339 3233; x_wconf 77' lang='lat' dir='ltr'>viii.</span> 
     </span>
     <span class='ocr_line' id='line_1_31' title="bbox 292 3257 1339 3323; baseline -0.003 -14"><span class='ocrx_word' id='word_1_247' title='bbox 292 3260 396 3309; x_wconf 73' lang='lat' dir='ltr'>Ierureae</span> <span class='ocrx_word' id='word_1_248' title='bbox 420 3257 520 3322; x_wconf 75' lang='lat' dir='ltr'>sagittar</span> <span class='ocrx_word' id='word_1_249' title='bbox 541 3257 643 3306; x_wconf 85' lang='lat' dir='ltr'>tinxerat</span> <span class='ocrx_word' id='word_1_250' title='bbox 663 3257 788 3306; x_wconf 76' lang='lat' dir='ltr'>Herculea.</span> <span class='ocrx_word' id='word_1_251' title='bbox 840 3265 896 3313; x_wconf 84' lang='lat'>300.</span> <span class='ocrx_word' id='word_1_252' title='bbox 930 3264 969 3311; x_wconf 80' lang='lat' dir='ltr'>De</span> <span class='ocrx_word' id='word_1_253' title='bbox 985 3258 1153 3315; x_wconf 74' lang='lat' dir='ltr'>monumentis,</span> <span class='ocrx_word' id='word_1_254' title='bbox 1165 3258 1290 3323; x_wconf 83' lang='lat' dir='ltr'>inquibus</span> <span class='ocrx_word' id='word_1_255' title='bbox 1304 3275 1339 3307; x_wconf 79' lang='lat' dir='ltr'>rea</span> 
     </span>
     <span class='ocr_line' id='line_1_32' title="bbox 292 3330 1339 3403; baseline -0.013 -21"><span class='ocrx_word' id='word_1_256' title='bbox 292 3331 417 3398; x_wconf 84' lang='lat' dir='ltr'>Quidquid</span> <span class='ocrx_word' id='word_1_257' title='bbox 428 3331 500 3396; x_wconf 80' lang='lat' dir='ltr'>igitur</span> <span class='ocrx_word' id='word_1_258' title='bbox 510 3330 539 3379; x_wconf 77' lang='lat' dir='ltr'>iis</span> <span class='ocrx_word' id='word_1_259' title='bbox 549 3331 646 3396; x_wconf 81' lang='lat' dir='ltr'>figebat,</span> <span class='ocrx_word' id='word_1_260' title='bbox 659 3330 727 3379; x_wconf 90' lang='lat' dir='ltr'>morti</span> <span class='ocrx_word' id='word_1_261' title='bbox 735 3348 789 3380; x_wconf 80' lang='lat' dir='ltr'>suc·</span> <span class='ocrx_word' id='word_1_262' title='bbox 840 3353 958 3403; x_wconf 61' lang='lat' dir='ltr'>exprem,</span> <span class='ocrx_word' id='word_1_263' title='bbox 966 3335 1020 3384; x_wconf 74' lang='lat' dir='ltr'>vide</span> <span class='ocrx_word' id='word_1_264' title='bbox 1032 3333 1119 3398; x_wconf 68' lang='lat' dir='ltr'>Heynii</span> <span class='ocrx_word' id='word_1_265' title='bbox 1127 3335 1219 3394; x_wconf 60' lang='lat' dir='ltr'>antiqq,</span> <span class='ocrx_word' id='word_1_266' title='bbox 1231 3333 1339 3397; x_wconf 52' lang='lat' dir='ltr'>Ausum.</span> 
     </span>
     <span class='ocr_line' id='line_1_33' title="bbox 292 3397 1338 3476; baseline -0.004 -18"><span class='ocrx_word' id='word_1_267' title='bbox 292 3408 430 3458; x_wconf 86' lang='lat' dir='ltr'>cumbebat.</span> <span class='ocrx_word' id='word_1_268' title='bbox 466 3405 554 3453; x_wconf 70' lang='lat' dir='ltr'>Mittas</span> <span class='ocrx_word' id='word_1_269' title='bbox 578 3397 669 3454; x_wconf 65' lang='lat' dir='ltr'>aneno</span> <span class='ocrx_word' id='word_1_270' title='bbox 695 3406 790 3469; x_wconf 77' lang='lat' dir='ltr'>sanguia</span> <span class='ocrx_word' id='word_1_271' title='bbox 839 3411 1004 3476; x_wconf 79' lang='lat' dir='ltr'>u‚i.29rqq.</span> <span class='ocrx_word' id='word_1_272' title='bbox 1039 3410 1250 3469; x_wconf 76' lang='lat' dir='ltr'>Mediumtempur,</span> <span class='ocrx_word' id='word_1_273' title='bbox 1264 3415 1291 3455; x_wconf 87' lang='lat' dir='ltr'>ut</span> <span class='ocrx_word' id='word_1_274' title='bbox 1308 3408 1338 3455; x_wconf 85' lang='lat' dir='ltr'>iv.</span> 
     </span>
     <span class='ocr_line' id='line_1_34' title="bbox 292 3479 1338 3550; baseline -0.004 -18"><span class='ocrx_word' id='word_1_275' title='bbox 292 3481 387 3550; x_wconf 83' lang='lat' dir='ltr'>profluit</span> <span class='ocrx_word' id='word_1_276' title='bbox 397 3482 469 3530; x_wconf 86' lang='lat' dir='ltr'>etiarn</span> <span class='ocrx_word' id='word_1_277' title='bbox 481 3480 545 3546; x_wconf 87' lang='lat' dir='ltr'>apud</span> <span class='ocrx_word' id='word_1_278' title='bbox 554 3479 691 3529; x_wconf 84' lang='lat' dir='ltr'>Zenobium.</span> <span class='ocrx_word' id='word_1_279' title='bbox 718 3480 790 3544; x_wconf 76' lang='lat' dir='ltr'>Apud</span> <span class='ocrx_word' id='word_1_280' title='bbox 843 3487 903 3545; x_wconf 78' lang='lat'>1673</span> <span class='ocrx_word' id='word_1_281' title='bbox 930 3485 980 3535; x_wconf 77' lang='lat' dir='ltr'>viii.</span> <span class='ocrx_word' id='word_1_282' title='bbox 1000 3486 1056 3532; x_wconf 82' lang='grc'><strong>651.</strong></span> <span class='ocrx_word' id='word_1_283' title='bbox 1088 3483 1128 3531; x_wconf 79' lang='lat' dir='ltr'>Ab</span> <span class='ocrx_word' id='word_1_284' title='bbox 1148 3481 1245 3532; x_wconf 85' lang='lat' dir='ltr'>interitu</span> <span class='ocrx_word' id='word_1_285' title='bbox 1267 3481 1338 3529; x_wconf 84' lang='lat' dir='ltr'>Nersi</span> 
     </span>
     <span class='ocr_line' id='line_1_35' title="bbox 293 3554 1336 3626; baseline -0.005 -18"><span class='ocrx_word' id='word_1_286' title='bbox 293 3557 353 3608; x_wconf 75' lang='lat' dir='ltr'>alios</span> <span class='ocrx_word' id='word_1_287' title='bbox 363 3556 455 3605; x_wconf 68' lang='lat' dir='ltr'>Nessus</span> <span class='ocrx_word' id='word_1_288' title='bbox 465 3554 514 3620; x_wconf 80' lang='lat' dir='ltr'>ipre</span> <span class='ocrx_word' id='word_1_289' title='bbox 525 3554 634 3618; x_wconf 75' lang='lat' dir='ltr'>sanguini</span> <span class='ocrx_word' id='word_1_290' title='bbox 648 3555 733 3603; x_wconf 80' lang='lat' dir='ltr'>emisso</span> <span class='ocrx_word' id='word_1_291' title='bbox 748 3554 790 3604; x_wconf 81' lang='lat' dir='ltr'>ud-</span> <span class='ocrx_word' id='word_1_292' title='bbox 841 3576 915 3626; x_wconf 79' lang='lat' dir='ltr'>mque</span> <span class='ocrx_word' id='word_1_293' title='bbox 927 3560 958 3608; x_wconf 91' lang='lat' dir='ltr'>ad</span> <span class='ocrx_word' id='word_1_294' title='bbox 969 3566 1128 3624; x_wconf 83' lang='lat' dir='ltr'>expugnatam</span> <span class='ocrx_word' id='word_1_295' title='bbox 1139 3555 1275 3606; x_wconf 87' lang='lat' dir='ltr'>OEchaliam</span> <span class='ocrx_word' id='word_1_296' title='bbox 1287 3557 1336 3604; x_wconf 92' lang='lat' dir='ltr'>lon-</span> 
     </span>
     <span class='ocr_line' id='line_1_36' title="bbox 293 3629 1338 3700; baseline -0.004 -19"><span class='ocrx_word' id='word_1_297' title='bbox 293 3630 510 3681; x_wconf 78' lang='lat' dir='ltr'>rniscarvenenurn.</span> <span class='ocrx_word' id='word_1_298' title='bbox 534 3629 615 3694; x_wconf 84' lang='lat' dir='ltr'>Atque</span> <span class='ocrx_word' id='word_1_299' title='bbox 627 3629 695 3678; x_wconf 91' lang='lat' dir='ltr'>illum</span> <span class='ocrx_word' id='word_1_300' title='bbox 705 3645 789 3679; x_wconf 77' lang='lat' dir='ltr'>secun·</span> <span class='ocrx_word' id='word_1_301' title='bbox 840 3652 896 3700; x_wconf 77' lang='lat' dir='ltr'>gum</span> <span class='ocrx_word' id='word_1_302' title='bbox 917 3644 1010 3699; x_wconf 80' lang='lat' dir='ltr'>tempus</span> <span class='ocrx_word' id='word_1_303' title='bbox 1030 3633 1129 3684; x_wconf 84' lang='lat' dir='ltr'>effluxit.</span> <span class='ocrx_word' id='word_1_304' title='bbox 1162 3629 1226 3679; x_wconf 76' lang='lat' dir='ltr'>Satis</span> <span class='ocrx_word' id='word_1_305' title='bbox 1246 3630 1338 3686; x_wconf 77' lang='lat' dir='ltr'>fuisset,</span> 
     </span>
     <span class='ocr_line' id='line_1_37' title="bbox 292 3702 1338 3776; baseline -0.003 -22"><span class='ocrx_word' id='word_1_306' title='bbox 292 3705 350 3755; x_wconf 88' lang='lat' dir='ltr'>dum</span> <span class='ocrx_word' id='word_1_307' title='bbox 378 3702 518 3776; x_wconf 82' lang='lat' dir='ltr'>Sophoclem</span> <span class='ocrx_word' id='word_1_308' title='bbox 539 3719 594 3751; x_wconf 80' lang='lat' dir='ltr'>rare</span> <span class='ocrx_word' id='word_1_309' title='bbox 614 3703 716 3768; x_wconf 73' lang='lat' dir='ltr'>excepit.</span> <span class='ocrx_word' id='word_1_310' title='bbox 750 3705 790 3753; x_wconf 91' lang='lat' dir='ltr'>De</span> <span class='ocrx_word' id='word_1_311' title='bbox 840 3708 945 3774; x_wconf 71' lang='lat' dir='ltr'>Longum</span> <span class='ocrx_word' id='word_1_312' title='bbox 955 3708 1009 3773; x_wconf 82' lang='lat' dir='ltr'>suit</span> <span class='ocrx_word' id='word_1_313' title='bbox 1026 3709 1125 3754; x_wconf 78' lang='lat' dir='ltr'>medium</span> <span class='ocrx_word' id='word_1_314' title='bbox 1142 3702 1338 3765; x_wconf 53' lang='lat' dir='ltr'>tempnumedro·</span> 
     </span>
     <span class='ocr_line' id='line_1_38' title="bbox 293 3777 1338 3836; baseline -0.006 -6"><span class='ocrx_word' id='word_1_315' title='bbox 293 3781 404 3830; x_wconf 79' lang='lat' dir='ltr'>velornirre</span> <span class='ocrx_word' id='word_1_316' title='bbox 421 3777 498 3827; x_wconf 74' lang='lat' dir='ltr'>catari</span> <span class='ocrx_word' id='word_1_317' title='bbox 518 3777 576 3826; x_wconf 86' lang='lat' dir='ltr'>nihii</span> <span class='ocrx_word' id='word_1_318' title='bbox 596 3777 693 3826; x_wconf 88' lang='lat' dir='ltr'>habent.</span> <span class='ocrx_word' id='word_1_319' title='bbox 726 3785 790 3829; x_wconf 77' lang='lat' dir='ltr'>Ante</span> <span class='ocrx_word' id='word_1_320' title='bbox 839 3782 873 3832; x_wconf 85' lang='lat' dir='ltr'>iet</span> <span class='ocrx_word' id='word_1_321' title='bbox 884 3800 946 3830; x_wconf 82' lang='lat' dir='ltr'>mora</span> <span class='ocrx_word' id='word_1_322' title='bbox 956 3782 986 3830; x_wconf 89' lang='lat' dir='ltr'>de</span> <span class='ocrx_word' id='word_1_323' title='bbox 1001 3779 1156 3829; x_wconf 85' lang='lat' dir='ltr'>diuturnitate</span> <span class='ocrx_word' id='word_1_324' title='bbox 1172 3778 1206 3827; x_wconf 84' lang='lat' dir='ltr'>ita</span> <span class='ocrx_word' id='word_1_325' title='bbox 1217 3777 1338 3836; x_wconf 78' lang='lat' dir='ltr'>adhiberi3</span> 
     </span>
     <span class='ocr_line' id='line_1_39' title="bbox 291 3851 1336 3918; baseline -0.003 -17"><span class='ocrx_word' id='word_1_326' title='bbox 291 3855 429 3918; x_wconf 74' lang='lat' dir='ltr'>nequeenim</span> <span class='ocrx_word' id='word_1_327' title='bbox 439 3851 641 3916; x_wconf 73' lang='lat' dir='ltr'>subintellrgenda</span> <span class='ocrx_word' id='word_1_328' title='bbox 651 3861 789 3902; x_wconf 81' lang='lat' dir='ltr'>estrenten-</span> <span class='ocrx_word' id='word_1_329' title='bbox 842 3855 937 3905; x_wconf 83' lang='lat' dir='ltr'>Phrodr.</span> <span class='ocrx_word' id='word_1_330' title='bbox 947 3856 993 3904; x_wconf 87' lang='lat' dir='ltr'>IV.</span> <span class='ocrx_word' id='word_1_331' title='bbox 1002 3855 1052 3903; x_wconf 85' lang='lat' dir='ltr'>sab.</span> <span class='ocrx_word' id='word_1_332' title='bbox 1063 3853 1096 3902; x_wconf 87' lang='lat' dir='ltr'>iv.</span> <span class='ocrx_word' id='word_1_333' title='bbox 1109 3854 1147 3901; x_wconf 82' lang='lat' dir='ltr'>lt.</span> <span class='ocrx_word' id='word_1_334' title='bbox 1161 3861 1293 3914; x_wconf 75' lang='lat' dir='ltr'>consumpta</span> <span class='ocrx_word' id='word_1_335' title='bbox 1307 3861 1336 3898; x_wconf 80' lang='lat' dir='ltr'>ert</span> 
     </span>
     <span class='ocr_line' id='line_1_40' title="bbox 291 3925 1335 3994; baseline -0.009 -14"><span class='ocrx_word' id='word_1_336' title='bbox 291 3929 327 3980; x_wconf 81' lang='lat' dir='ltr'>tia</span> <span class='ocrx_word' id='word_1_337' title='bbox 341 3927 430 3993; x_wconf 83' lang='lat' dir='ltr'>aliqua,</span> <span class='ocrx_word' id='word_1_338' title='bbox 442 3926 522 3984; x_wconf 82' lang='lat' dir='ltr'>veluti,</span> <span class='ocrx_word' id='word_1_339' title='bbox 533 3927 594 3976; x_wconf 87' lang='lat' dir='ltr'>bene</span> <span class='ocrx_word' id='word_1_340' title='bbox 609 3926 695 3985; x_wconf 59' lang='lat' dir='ltr'>haben</span> <span class='ocrx_word' id='word_1_341' title='bbox 712 3943 788 3993; x_wconf 81' lang='lat' dir='ltr'>neque</span> <span class='ocrx_word' id='word_1_342' title='bbox 838 3934 941 3993; x_wconf 72' lang='lat' dir='ltr'>temporis</span> <span class='ocrx_word' id='word_1_343' title='bbox 958 3932 1020 3994; x_wconf 82' lang='lat' dir='ltr'>tongi</span> <span class='ocrx_word' id='word_1_344' title='bbox 1031 3944 1103 3975; x_wconf 75' lang='lat' dir='ltr'>mora,</span> <span class='ocrx_word' id='word_1_345' title='bbox 1138 3927 1197 3974; x_wconf 80' lang='lat' dir='ltr'>Arta</span> <span class='ocrx_word' id='word_1_346' title='bbox 1211 3925 1335 3987; x_wconf 67' lang='lat' dir='ltr'>impuram</span> 
     </span>
     <span class='ocr_line' id='line_1_41' title="bbox 291 3996 1337 4070; baseline -0.008 -17"><span class='ocrx_word' id='word_1_347' title='bbox 291 3996 423 4061; x_wconf 69' lang='lat' dir='ltr'>&#39;enim‚etc.</span> <span class='ocrx_word' id='word_1_348' title='bbox 458 4000 536 4065; x_wconf 74' lang='lat' dir='ltr'>Neque</span> <span class='ocrx_word' id='word_1_349' title='bbox 548 4003 608 4049; x_wconf 78' lang='lat' dir='ltr'>enim</span> <span class='ocrx_word' id='word_1_350' title='bbox 620 4003 741 4049; x_wconf 82' lang='lat' dir='ltr'>moriemur</span> <span class='ocrx_word' id='word_1_351' title='bbox 751 4006 787 4052; x_wconf 78' lang='lat' dir='ltr'>r&#39;rr·</span> <span class='ocrx_word' id='word_1_352' title='bbox 836 4004 962 4070; x_wconf 60' lang='lat' dir='ltr'>prodam</span> <span class='ocrx_word' id='word_1_353' title='bbox 975 4011 1080 4051; x_wconf 88' lang='lat' dir='ltr'>actorum</span> <span class='ocrx_word' id='word_1_354' title='bbox 1097 4000 1204 4048; x_wconf 83' lang='lat' dir='ltr'>laborum</span> <span class='ocrx_word' id='word_1_355' title='bbox 1219 3998 1337 4063; x_wconf 69' lang='lat' dir='ltr'>implerat</span> 
     </span>
     <span class='ocr_line' id='line_1_42' title="bbox 292 4073 1337 4144; baseline -0.009 -15"><span class='ocrx_word' id='word_1_356' title='bbox 292 4081 352 4139; x_wconf 69' lang='lat' dir='ltr'>utti5</span> <span class='ocrx_word' id='word_1_357' title='bbox 380 4075 506 4126; x_wconf 76' lang='lat' dir='ltr'>moriturus</span> <span class='ocrx_word' id='word_1_358' title='bbox 531 4091 562 4124; x_wconf 81' lang='lat' dir='ltr'>ex</span> <span class='ocrx_word' id='word_1_359' title='bbox 583 4075 688 4134; x_wconf 84' lang='lat' dir='ltr'>vulnere,</span> <span class='ocrx_word' id='word_1_360' title='bbox 709 4075 788 4144; x_wconf 86' lang='lat' dir='ltr'>inquit</span> <span class='ocrx_word' id='word_1_361' title='bbox 835 4078 883 4127; x_wconf 87' lang='lat' dir='ltr'>Sed</span> <span class='ocrx_word' id='word_1_362' title='bbox 898 4078 966 4127; x_wconf 79' lang='lat' dir='ltr'>aliter</span> <span class='ocrx_word' id='word_1_363' title='bbox 976 4075 1098 4138; x_wconf 59' lang='lat' dir='ltr'>implerunt</span> <span class='ocrx_word' id='word_1_364' title='bbox 1115 4077 1200 4129; x_wconf 80' lang='lat' dir='ltr'>odium,</span> <span class='ocrx_word' id='word_1_365' title='bbox 1215 4073 1337 4121; x_wconf 72' lang='lat' dir='ltr'>satiarunt.</span> 
     </span>
     <span class='ocr_line' id='line_1_43' title="bbox 292 4145 1335 4218; baseline -0.012 -13"><span class='ocrx_word' id='word_1_366' title='bbox 292 4151 418 4210; x_wconf 71' lang='lat' dir='ltr'>Diodorus,</span> <span class='ocrx_word' id='word_1_367' title='bbox 435 4149 555 4218; x_wconf 73' lang='lat' dir='ltr'>pollicitus</span> <span class='ocrx_word' id='word_1_368' title='bbox 571 4159 607 4201; x_wconf 81' lang='lat' dir='ltr'>ert</span> <span class='ocrx_word' id='word_1_369' title='bbox 623 4150 645 4200; x_wconf 88' lang='lat' dir='ltr'>ei</span> <span class='ocrx_word' id='word_1_370' title='bbox 661 4167 687 4201; x_wconf 79' lang='lat' dir='ltr'>re</span> <span class='ocrx_word' id='word_1_371' title='bbox 703 4153 787 4203; x_wconf 82' lang='lat' dir='ltr'>amorir</span> <span class='ocrx_word' id='word_1_372' title='bbox 838 4152 938 4217; x_wconf 74' lang='lat' dir='ltr'>Magnus</span> <span class='ocrx_word' id='word_1_373' title='bbox 944 4158 1083 4218; x_wconf 82' lang='lat' dir='ltr'>perpetuum</span> <span class='ocrx_word' id='word_1_374' title='bbox 1089 4145 1335 4212; x_wconf 82' lang='lat' dir='ltr'>Hercniirepitheton.</span> 
     </span>
    </p>
   </div>
   <div class='ocr_carea' id='block_1_4' title="bbox 0 0 1392 5004">
    <p class='ocr_par' dir='ltr' id='par_1_4' title="bbox 0 0 1392 5004">
     <span class='ocr_line' id='line_1_44' title="bbox 0 0 1392 5004; baseline 0 0"><span class='ocrx_word' id='word_1_375' title='bbox 0 0 1392 5004; x_wconf 95' lang='lat' dir='ltr'> </span> 
     </span>
    </p>
   </div>
  </div>
 </body>
</html>
