2774 5004
173 320 242 389 tot
368 326 374 333 “
458 315 498 383 Ρ.
522 312 678 383 ovtun
700 312 913 383 NASONIS

173 492 262 569 Nou
278 488 479 567 manifesta
495 499 644 563 tamen:
673 511 792 585 quum
809 510 898 562 vero
914 487 1075 565 sustulit
1090 511 1180 563 acre
1235 562 1241 567 .

170 608 207 685 A
224 608 415 707 pecudum
431 605 536 679 fibris
553 605 601 681 ad
620 604 710 704 Cipi
726 629 869 683 cornua
884 607 1038 695 lumeu;
1154 611 1225 681 580

172 722 331 809 “Rex,’'
344 721 410 808 ait,
423 730 448 760 “
458 745 483 795 o
495 721 618 795 salve:
638 720 705 794 tibi
721 721 834 807 enim,
847 710 931 808 tibi,
943 720 1058 820 Cipe,
1074 721 1222 819 tuisque

172 836 246 913 Hic
265 839 382 923 locus,
402 848 443 910 et
461 836 577 910 Latiae
595 836 782 934 parebunt
798 836 976 911 cornibus
994 860 1120 923 arces.

169 953 229 1029 Tu
243 952 356 1027 modo
369 968 502 1050 rumpe
512 974 667 1038 moram,
678 962 885 1050 portasque
895 953 1036 1027 intrare
1050 960 1222 1052 patentes

170 1070 414 1169 Appropera:
427 1067 482 1141 sic
495 1066 575 1141 fata
579 1067 738 1163 jubent:
754 1092 919 1166 namque
928 1068 1036 1143 Urbe
1050 1080 1223 1168 receptus

171 1184 259 1259 Rex
277 1183 363 1269 eris,
381 1193 533 1281 sceptro
547 1193 655 1257 tutus
672 1185 815 1281 potiere
833 1185 1029 1285 perenni.”
1154 1188 1222 1260 585

171 1300 336 1376 Rettulit
352 1300 415 1374 ille
432 1300 584 1397 pedem,
602 1309 822 1398 torvamque
839 1325 864 1374 a
877 1300 1068 1374 moenibus
1088 1299 1203 1373 Urbis

170 1416 356 1491 Avertens
382 1414 539 1505 faciem;
575 1423 600 1453 “
615 1413 765 1501 Procul,
793 1415 862 1488 ah!
898 1415 1030 1514 procul
1062 1413 1224 1500 omina,”

322 1530 434 1617 dixit,
772 1588 777 1593 .
1152 1534 1221 1606 587

172 1655 199 1687 “
214 1646 322 1722 Talia
340 1648 390 1721 Dl
407 1649 562 1747 pellant,
581 1647 778 1744 multoque
796 1670 866 1742 ego
879 1645 1020 1742 justius
1038 1668 1165 1718 oevum

171 1762 273 1838 Exul
291 1786 413 1860 agam,
433 1786 547 1860 quarn
566 1786 627 1835 me
640 1760 794 1835 videant
810 1760 1002 1859 Capitolia
1019 1760 1191 1856 regem.'’

171 1876 302 1967 Dixit;
322 1889 362 1952 et
378 1878 571 1976 extemplo
589 1875 848 1976 populumque
865 1898 1096 1973 gravemque
1115 1899 1221 1949 seua·

172 1993 387 2067 Convocat:
408 2003 496 2066 ante
513 2003 641 2067 tamen
659 1992 780 2089 pacali
797 2014 940 2064 cornua
956 1992 1064 2066 lauro
1126 1994 1223 2088 [tum

121 2146 126 2151 ·
169 2106 295 2195 Velut,
315 2118 354 2182 et
370 2108 571 2205 aggeribus
589 2108 698 2181 factis
715 2132 740 2182 a
756 2106 875 2181 milite
891 2106 976 2180 forti

170 2221 331 2310 Insistit,
350 2222 554 2320 priscoque
573 2224 676 2298 Deos
694 2248 716 2298 e
734 2247 837 2298 more
854 2234 1042 2322 precatus,

170 2346 197 2377 “
210 2336 317 2426 Est,''
331 2338 397 2426 ait,
410 2347 435 2378 “
446 2339 508 2412 hie
520 2364 631 2427 unus,
644 2363 759 2438 quem
772 2364 839 2413 vos
852 2337 924 2412 nisi
938 2337 1085 2437 pellitis
1103 2341 1209 2424 urbe,

171 2454 259 2529 Rex
276 2454 367 2529 erit:
396 2454 513 2552 isqui
531 2455 592 2543 sit,
612 2455 731 2552 signo,
750 2477 825 2528 non
842 2453 1006 2541 nornine,
1024 2454 1166 2530 dicam.

202 2672 261 2722 580.
281 2671 374 2719 Consua
389 2687 418 2719 ex
436 2670 599 2735 antiquissima
615 2671 671 2722 idea
719 2672 759 2722 rit.
798 2671 899 2720 Gravest
925 2681 1019 2737 propter
1045 2670 1223 2721 auctoritatem.

168 2745 304 2809 symbolum
330 2744 444 2810 potentiss
474 2753 500 2793 et
531 2745 671 2809 majestatis.
721 2745 814 2795 Pscoiit
824 2747 915 2802 lauriss.
925 2753 953 2793 ut
961 2746 1049 2806 paea&
1059 2746 1224 2801 oles,ri.lll.

170 2818 234 2866 llinc
255 2818 281 2867 in
300 2817 377 2867 nuruis
397 2817 467 2866 multi
483 2833 550 2883 regas
567 2818 611 2867 illa
625 2820 671 2868 sibi
719 2817 924 2867 ubividenotam.
948 2818 1061 2867 Victorias
1072 2828 1099 2868 et
1108 2820 1222 2885 triumphi

168 2892 317 2953 tribuerunt3
332 2892 388 2942 vide
396 2892 566 2958 spanhemium
578 2893 608 2942 de
619 2894 671 2943 Usu
719 2892 813 2958 siguum
829 2907 893 2941 nuuc
911 2906 957 2941 uon
974 2902 1033 2941 ent.
1067 2891 1172 2949 Plinius,
1182 2910 1223 2942 ιν.

167 2975 192 3016 et
203 2974 283 3031 praest.
294 2968 382 3016 numis.
393 2965 515 3015 dissertat.
526 2966 568 3015 vii.
601 2969 672 3017 Arses
720 2967 762 3014 ³0.
784 2965 815 3015 de
835 2967 921 3014 lauru:
950 2972 968 2994 ‘⁴
981 2965 1040 3030 Ipsa
1058 2966 1174 3030 patalen,
1195 2975 1222 3016 ut

165 3040 239 3090 etiam
250 3041 281 3090 de
296 3041 381 3090 finibus
396 3040 454 3096 dici,
467 3041 537 3090 docet
552 3042 671 3090 Burman·
719 3056 791 3106 quam
811 3040 926 3106 protendi
945 3040 1018 3090 etiam
1035 3040 1099 3090 inter
1119 3050 1223 3091 umatus

167 3114 400 3179 nusstirgilium,
411 3114 501 3178 Georg.
513 3115 540 3163 ii.
555 3116 609 3163 172.
718 3114 798 3164 hostes
814 3115 901 3180 quietis
917 3114 947 3164 sit
964 3113 1105 3164 iudicium.”
1141 3116 1224 3165 Velm

198 3189 256 3238 686.
273 3188 375 3236 Rettulit
386 3190 473 3250 perlem,
487 3202 572 3251 nempe
585 3187 669 3237 collor-
718 3188 798 3237 inbre
810 3190 944 3238 reverbum
954 3188 1082 3255 proprium.
1112 3189 1222 3256 Apparet

167 3274 283 3322 ructuas
294 3262 419 3320 Pindum,
434 3263 470 3311 11.
482 3261 531 3311 fab.
540 3262 556 3311 i.
567 3263 592 3311 6.
625 3262 669 3310 Fe·
718 3271 808 3321 autem,
834 3263 923 3327 exigua
950 3261 1023 3312 luisse
1048 3262 1094 3311 illa
1124 3279 1223 3313 cornus·

169 3350 238 3399 regua
248 3339 294 3384 uiso
304 3337 387 3384 retulit
397 3348 459 3384 retro
466 3339 552 3398 pedon.
585 3335 617 3384 Et
627 3335 669 3384 tali
718 3338 845 3401 Aggeribus
856 3336 903 3385 alio
913 3344 1017 3403 tempore
1029 3352 1043 3384 a
1054 3335 1132 3387 milite
1143 3337 1222 3392 lacus.

167 3407 260 3457 horrore
272 3410 342 3458 etiarn
352 3411 432 3458 omina
440 3410 512 3459 averti
522 3410 667 3470 credebam
718 3424 781 3458 nuuc
798 3412 870 3460 verba
887 3410 1000 3467 facturus,
1017 3409 1071 3459 luco
1095 3412 1222 3461 tribunalis

166 3480 288 3545 Theophr.
300 3482 339 3530 ch.
352 3483 390 3531 16.
418 3484 519 3531 lentius
529 3499 582 3532 vero
593 3484 669 3549 expli·
718 3483 801 3532 utitur.

166 3565 220 3603 cat:
238 3570 285 3602 nou
302 3554 420 3618 ingressus
434 3565 471 3603 est
484 3557 576 3604 urbem.
614 3556 669 3604 Tor-
750 3558 808 3606 ⁵9³.
825 3557 883 3605 Deos
893 3557 1022 3620 praeatus]
1041 3557 1177 3623 VrrgAEu.
1188 3558 1220 3609 xi.

164 3645 225 3684 satu,
235 3627 421 3690 indignationem
434 3644 571 3690 generosam
582 3646 630 3693 prae
642 3647 668 3680 se
717 3630 774 3679 ³01.
787 3630 931 3680 “Pressius
948 3631 1024 3680 Divos
1040 3632 1101 3681 solio
1118 3634 1152 3682 sic
1169 3632 1221 3682 infit

165 3702 297 3761 ferentem3
326 3701 411 3749 Horat.
437 3702 487 3749 111.
509 3703 557 3750 Od.
578 3719 601 3751 ν.
624 3706 666 3752 44.
717 3704 748 3751 ab
764 3703 837 3752 alto.’'
871 3704 908 3752 lbi
922 3704 1031 3753 Servius:
1048 3707 1147 3756 “More
1158 3706 1220 3755 auti·

166 3777 277 3843 Regulus
295 3777 385 3824 uirilem
406 3774 492 3823 Torvus
511 3777 574 3823 lumi
592 3781 668 3838 posuit
716 3791 780 3840 quo;
797 3793 852 3825 nam
864 3778 965 3842 majores
975 3778 1067 3827 nullam
1077 3780 1218 3836 orationem,

165 3854 265 3902 sultam.
299 3850 362 3898 Exul
372 3865 456 3914 egum
474 3859 497 3897 et
509 3849 558 3913 egit
569 3857 665 3899 auctore
716 3850 761 3898 uisi
772 3851 887 3900 invocatis
898 3851 1034 3901 numinibus
1043 3852 1219 3902 inchoabant.’'

166 3923 272 3976 Valerio.
716 3924 818 3974 laeunus
838 3935 920 3974 eontra
937 3940 1021 3990 preces
1040 3937 1220 3985 commemorat,

197 4002 254 4051 590.
268 3997 542 4063 Populum—corruerat]
562 3997 617 4047 Nou
628 3998 663 4046 vi·
715 4014 774 4064 quas
791 3999 959 4066 triumphaturi
974 4009 1030 4051 aute
1044 4003 1130 4051 urbem
1148 4004 1221 4052 tacie-

165 4077 220 4132 deo,
233 4075 350 4140 quomodo
364 4082 433 4123 extra
445 4074 527 4122 urbem
544 4074 664 4139 extemplo
713 4073 781 4121 bant.
815 4071 890 4139 Cipus
901 4090 957 4123 rero
969 4091 1017 4125 non
1030 4076 1221 4143 triumphaturus

165 4148 278 4216 populum
289 4159 314 4199 et
321 4161 428 4200 senatum
440 4164 568 4199 convocare
579 4156 664 4214 potue-
713 4154 773 4203 erat,
778 4147 821 4195 sed
830 4146 947 4197 dicturus.
961 4148 1107 4205 fussoria,
1116 4150 1220 4200 servilia.
