2774 5004
357 338 825 407 METAMORPHOSEON
848 339 937 406 ΗΒ.
955 339 1038 405 XV.
1155 341 1222 407 459

169 511 409 588 credulitate
426 515 556 613 patris,
576 513 769 588 sceleratae
787 513 917 586 fraude
934 536 1103 587 novercae

144 692 148 699 .
169 627 411 704 Occubuisse
429 631 533 705 neci:
562 630 757 716 mirabere,
776 629 916 725 vixque
937 629 1117 726 probabo.

169 745 252 818 Sed
268 757 395 819 tamen
414 748 477 822 ille
491 773 561 845 ego
580 772 686 822 sum:
707 772 767 821 me
786 746 1014 845 Pasiphaeia
1029 742 1219 843 quondam

166 859 374 935 Tentatum
390 862 528 937 frustra
545 864 707 961 patrium
724 865 931 937 temerasse
948 861 1086 948 cubile,
1147 863 1216 934 501

169 971 284 1057 Quod
300 976 430 1061 voluit,
448 977 559 1054 finxit
574 978 750 1064 voluisse,
770 991 808 1051 et
826 976 980 1050 crimine
996 999 1118 1062 verso,

170 1088 356 1164 Indiciine
373 1101 477 1165 metu
495 1093 627 1189 magis,
647 1091 838 1166 offensane
856 1091 1028 1188 repulsae,

171 1202 328 1301 Arguit:
358 1206 662 1303 immeritumque
680 1217 787 1305 pater
804 1205 963 1304 projecit
980 1206 1027 1278 ab
1047 1204 1152 1302 urbe,

170 1318 389 1419 Hostilique
406 1332 522 1420 caput
539 1346 649 1421 prece
667 1323 878 1396 detestatur
895 1319 1032 1395 euntis,
1143 1324 1217 1394 505

171 1434 366 1510 Pittheam
384 1436 542 1534 profugo
559 1461 669 1510 curru
688 1436 870 1511 Troezena
886 1436 1083 1534 petebam;

168 1660 413 1726 ltal.ant.png.931
426 1679 447 1712 s.
470 1663 525 1712 Fuit
535 1664 668 1714 Ariciorum
717 1667 821 1713 excedere
829 1665 911 1726 jussit.
944 1659 1102 1710 Indictumei
1119 1666 1165 1716 est,
1183 1656 1218 1719 ἅς

169 1733 300 1782 domestica
311 1735 407 1794 sabula;
426 1738 595 1788 Paussn.ii.9.
615 1739 667 1787 Ves-
718 1738 762 1788 οὐκ
772 1737 805 1787 ir’
817 1737 845 1786 lv
858 1738 891 1802 γῇ
903 1734 958 1802 τῇδ’
968 1733 1121 1800 ἀναστρέψοι
1136 1731 1218 1796 πόδας

169 1818 298 1869 tras,pato,
306 1813 403 1874 contigit
411 1827 485 1858 aures.
502 1810 628 1877 Eleganter
637 1813 668 1861 de
718 1813 801 1877 Eurip.
818 1827 866 1860 rer.
887 1812 965 1869 1176;
982 1819 1006 1858 et
1023 1824 1072 1858 ver.
1088 1810 1147 1858 003.
1165 1807 1216 1872 ipss

169 1883 235 1930 tama
255 1881 363 1946 laquem,
387 1894 471 1932 uestras
491 1885 568 1950 inquit
588 1887 667 1951 plura-
716 1887 831 1942 lbeseus,
848 1886 920 1940 ἐξελῶ
935 1894 977 1948 σφι
993 1881 1068 1943 τῆσδε
1081 1885 1138 1947 γῆς·
1156 1882 1216 1931 973·

169 1954 237 2002 liter:
256 1954 342 2003 deinde
354 1954 444 2005 addens
456 1957 604 2015 miraculum,
619 1959 667 2008 sio·
720 1957 797 2023 ἔξερῤε
808 1959 883 2024 γαίας
890 1956 963 2018 τῆσδε
972 1956 1031 2005 ὅσον
1041 1953 1214 2020 τάχοςφυγάς.

168 2028 281 2092 gulariter
300 2031 420 2085 miratore,
442 2040 563 2094 tamquam
585 2032 669 2081 notitia
719 2031 806 2081 Hostili
814 2048 879 2094 pnes
886 2049 894 2089 ;
912 2030 1080 2096 imprecatione
1091 2029 1152 2077 hosti
1160 2043 1216 2077 oon·
1318 2077 1321 2083 ,

168 2102 297 2159 sdamnes,
308 2103 449 2152 miraculum
459 2121 514 2154 vero
525 2105 626 2156 maxime
637 2106 669 2156 ad
719 2105 836 2163 veniente,
857 2121 904 2154 non
924 2104 1000 2170 patri:
1027 2103 1134 2152 'lheseus
1154 2101 1218 2150 euim

169 2175 279 2239 &enam
291 2185 394 2240 spectet.
430 2178 574 2227 Credulitatr
588 2184 669 2243 patris,
718 2178 858 2245 Neptunum
879 2189 970 2244 patrem
992 2187 1104 2244 precatus
1127 2186 1172 2234 est,
1190 2184 1219 2226 ut

168 2248 193 2297 id
204 2258 241 2298 est
250 2249 348 2306 Thesei,
360 2250 401 2315 qai
411 2250 508 2300 nimium
518 2253 669 2303 incilecredi-
717 2253 863 2319 Hippolytus
875 2253 937 2301 filius
947 2252 1126 2317 discerperetur.

169 2322 204 2371 dit
212 2322 319 2370 Phaedre
328 2324 530 2389 uxoriprivignurn
539 2327 668 2376 accusanti.
750 2329 808 2376 506.
827 2328 952 2382 Pittheam,
975 2326 1014 2373 ubi
1037 2325 1147 2373 Pittheus
1164 2338 1217 2388 reg·

201 2399 259 2445 500.
285 2397 432 2458 Pasiphaeia,
455 2399 556 2449 Phaedra
577 2402 670 2450 Minois
718 2399 798 2454 nnbat,
815 2398 878 2465 apud
895 2414 966 2463 quem
984 2397 1099 2446 educatus
1116 2397 1217 2462 Hyppa·

169 2469 668 2542 etPasipbaiislilis,quammortunliip·
718 2471 790 2538 lytus.
823 2474 911 2522 Confer
928 2487 983 2521 curn
998 2470 1152 2534 sequentibus
1167 2470 1216 2519 Eu·

167 2543 260 2607 polyta,
271 2544 395 2608 conjugem
410 2544 477 2593 duxit
487 2546 600 2596 Theseus.
632 2549 669 2597 Ea
717 2545 824 2611 ripidem,
844 2561 893 2594 ver.
913 2545 976 2592 1102
992 2559 1047 2607 sqq.
1065 2541 1106 2591 ubi
1120 2541 1216 2591 nuntius

169 2616 258 2664 exarsit
269 2616 293 2664 in
303 2619 547 2684 srunremHippolyti.
555 2630 579 2668 et
590 2621 668 2670 studio
718 2619 769 2668 hec
786 2627 873 2669 narret.
905 2617 943 2666 Ibi
959 2617 1104 2683 Hippolytus
1119 2615 1158 2664 via
1174 2631 1217 2666 vs·

169 2689 272 2739 reosndi
293 2700 317 2738 et
343 2691 478 2755 virginitate
500 2693 605 2742 Dianam
626 2711 666 2744 co·
717 2692 789 2751 bitur,
809 2709 862 2757 que
884 2703 948 2741 recto
969 2690 1063 2739 tramite
1083 2689 1113 2737 ad
1138 2688 1216 2751 Argos

171 2763 251 2812 lentis.
286 2764 385 2812 Frustra
410 2776 524 2814 tentatam
541 2768 665 2832 juvenem,
717 2766 783 2815 ducit
792 2776 815 2815 et
827 2766 980 2832 Epidaurum.
1008 2763 1056 2811 Ubi
1068 2762 1124 2811 litus
1135 2763 1215 2826 attigit

169 2835 332 2902 indignissime
344 2838 457 2886 ferentem
470 2838 573 2888 incestos
585 2857 666 2891 noter·
716 2841 781 2907 ponti
797 2839 910 2896 Saronici,
927 2838 1004 2902 gravis
1021 2837 1135 2893 fremitus,
1153 2845 1215 2884 tarn·

168 2926 204 2959 oea
217 2926 315 2967 amores,
332 2915 421 2976 arguit,
436 2917 537 2975 patriam
551 2918 667 2963 temerius
716 2929 788 2978 quam
800 2914 888 2962 tonitru
903 2912 970 2962 Joris
984 2911 1087 2966 auditur,
1098 2927 1145 2975 quo
1160 2927 1217 2976 per-

147 3012 154 3029 ·
168 2987 252 3040 cultile,
263 2984 288 3033 id
303 2992 340 3033 est
357 2985 440 3035 incesti
454 2990 527 3050 stupri
544 2987 666 3038 insimuls·
716 2988 779 3035 cussi
788 2989 843 3052 equi
850 2998 922 3052 caput
928 3001 1043 3050 auresque
1052 2985 1165 3049 arrigunt,
1174 2982 1215 3033 col

167 3057 212 3106 rit.
246 3058 372 3115 Temerare,
392 3066 472 3125 stupro
492 3061 605 3125 polluere,
624 3080 666 3125 pa-
716 3060 831 3126 mitesque
840 3071 905 3109 metu
913 3060 1076 3125 corripiuntur.
1087 3059 1146 3107 Mox
1155 3060 1214 3110 fluc-

168 3135 242 3180 triuss
261 3135 335 3181 cantu
352 3133 423 3181 etiam
443 3134 468 3183 ii.
486 3137 533 3183 592
543 3152 550 3192 ;
572 3138 666 3200 χρᾶναι
716 3144 754 3182 tus
765 3134 910 3183 decumanus
918 3135 948 3182 ad
957 3143 1020 3182 astra
1028 3149 1133 3196 surgens,
1142 3143 1216 3198 atque

167 3204 252 3270 λέχος,
266 3206 348 3270 Enrip.
366 3208 436 3255 1266.
469 3208 587 3257 Credulus
600 3220 667 3275 pater
715 3209 827 3257 isthmum
852 3219 991 3273 petramque
1018 3207 1150 3272 AEsculspii
1171 3207 1215 3256 sb·

167 3279 239 3328 iidem
251 3279 342 3328 babens
355 3279 431 3329 fraudi
444 3281 564 3330 scelerate
580 3299 664 3332 nover-
715 3283 838 3339 scondens,
857 3293 958 3338 taurum,
980 3282 1054 3329 lerum
1072 3291 1212 3340 monstrum,

166 3369 212 3410 ee,
231 3356 376 3412 immeritam,
396 3355 553 3410 innocentem,
571 3361 666 3419 prrjseit
715 3357 839 3421 protrudit,
865 3371 913 3420 quo
938 3365 1116 3404 consternantur
1148 3355 1214 3421 equi.

165 3430 197 3475 ab
211 3430 275 3483 urbs,
290 3428 316 3477 in
334 3428 431 3477 exilium
448 3430 536 3494 abegit,
548 3431 666 3493 hostilique
715 3431 860 3496 Hippolytus
875 3430 991 3494 equestris
1007 3430 1066 3479 artis
1077 3445 1164 3493 gnarus
1176 3445 1214 3480 ss·

164 3512 309 3564 meeeeaput
319 3506 369 3565 ejas
378 3505 513 3558 Mutatur,
527 3503 665 3567 Neptunum
715 3504 770 3568 ripit
781 3505 895 3553 habenas.
928 3504 1036 3552 Frustra:
1055 3513 1106 3552 rota
1114 3503 1215 3554 illiditur

132 3590 145 3604 “
165 3582 228 3631 orat,
243 3585 270 3623 ut
285 3575 361 3624 hlium
374 3577 404 3624 ob
421 3577 499 3624 cubile
514 3575 615 3640 putrium
630 3586 664 3625 te·
715 3594 780 3634 saro,
798 3594 878 3626 currus
894 3579 981 3626 labitur
995 3576 1134 3642 excutitque
1152 3579 1212 3643 Hip·

165 3658 283 3697 meraturn
293 3649 427 3699 interliciat.
460 3651 665 3704 verentonis
715 3653 829 3717 polytum.
869 3652 943 3702 Miser
969 3653 1069 3701 habenis
1095 3652 1215 3702 involutus

164 3725 249 3777 naluit,
264 3733 310 3771 etc.
326 3740 381 3772 cum
394 3723 493 3773 Heinsio
507 3724 664 3772 adulterinum
715 3735 836 3789 raptatur3
868 3737 942 3791 caput
974 3726 1112 3791 impingitur
1140 3727 1214 3782 saris,

161 3795 255 3862 Judioo.
286 3797 343 3846 Post
353 3797 466 3863 ffauaas
478 3800 572 3860 repulse
583 3798 663 3846 subin·
716 3801 821 3848 membra
831 3801 992 3850 vulnerantur.
1024 3799 1131 3847 Tandem
1142 3801 1214 3848 sectis

165 3869 249 3932 tellige
268 3872 362 3918 domum
380 3882 420 3919 est.
453 3871 565 3920 Heinsius
585 3879 664 3919 tamen
715 3875 826 3921 comitum
852 3891 897 3939 ope
918 3875 980 3929 loris,
1002 3873 1115 3921 exanimis
1138 3874 1214 3937 jacet.

164 3943 308 4008 suspicatur,
323 3946 353 3994 rb
366 3949 439 4009 magis
451 3946 579 4009 obrepsisse
593 3944 618 3993 in
630 3946 664 3993 lo·
714 3947 762 3995 Sed
775 3947 834 3995 illud
849 3952 957 3995 stanimir
970 3958 992 3995 et
1006 3957 1129 3995 eatrrmurrr
1143 3949 1212 4008 spiri·

164 4031 223 4066 curn
244 4021 288 4066 τσῦ
308 4021 412 4067 dubium
446 4020 533 4081 Proiiei
549 4035 613 4084 sape
633 4018 664 4068 ds
716 4031 763 4067 tum
775 4023 867 4068 trahens
875 4019 961 4068 Ovidio
969 4035 1013 4066 non
1023 4018 1080 4066 setis
1088 4018 1146 4078 luit3
1160 4019 1210 4068 sin·

163 4090 277 4141 exulibus
287 4092 335 4142 diei
346 4093 415 4142 docet
425 4095 585 4143 Burmannus.
612 4093 664 4157 lly-
713 4095 771 4156 gula
792 4094 896 4142 membra
917 4091 981 4141 ioede
1004 4091 1124 4156 discerpta
1144 4092 1212 4144 nobis

162 4165 244 4231 mous,
253 4182 268 4217 e
278 4167 414 4232 conjecturs
424 4167 547 4224 Scheffcri,
557 4169 665 4217 mentha
713 4166 824 4215 ostendit.
