2774 5004
221 294 688 376 METAMORPHOSEON
713 301 804 368 LlB.
827 302 927 369 VIII.
1056 306 1101 377 36

141 476 188 543 »ta
201 480 336 565 qnater
346 471 484 545 tenuit:
506 483 676 570 pugnant
692 485 887 574 materque
901 500 1092 575 sororque,

140 582 262 658 iversa
279 588 433 661 trahunt
450 612 566 661 unum
583 589 659 662 duo
677 591 828 664 nomina
845 602 999 688 pectus:

141 723 161 773 e
178 710 283 774 metu
302 703 456 777 sceleris
474 705 666 801 pallebant
682 729 747 778 ora
763 704 899 793 suturi3
1019 710 1094 781 465

141 838 287 889 esuum
305 816 451 891 fervens
469 820 586 892 oculis
603 820 719 894 dabat
737 822 791 893 ira
808 823 1002 896 ruborem:

141 929 226 1002 rodo
245 931 373 1004 nescio
391 933 484 1030 quid
501 934 632 1008 similis
650 936 803 1009 crudele
820 936 976 1011 minanti

140 1069 184 1118 us
196 1059 293 1133 erat;
315 1049 426 1122 modo
437 1073 552 1146 quem
565 1050 731 1123 misereri
742 1053 896 1125 credere
910 1077 1063 1150 posses;

141 1183 250 1256 mque
268 1160 368 1236 ferus
386 1164 558 1238 lacrimas
576 1164 689 1238 animi
705 1167 910 1240 siccaverat
927 1166 1049 1252 ardor,

141 1274 338 1350 niebantur
355 1279 518 1351 lacrimae
536 1290 683 1353 tamen:
713 1292 831 1377 utque
849 1281 988 1369 carina,
1015 1286 1091 1357 470

141 1414 170 1463 n
187 1404 333 1476 ventus,
348 1405 536 1490 ventoque
554 1394 652 1491 rapit
668 1395 875 1467 contrarius
894 1405 1022 1481 aestus,

146 1505 336 1600 geminam
354 1509 481 1594 sentit,
499 1521 682 1606 paretque
700 1509 843 1584 incerta
858 1509 1028 1582 dnobus:

141 1619 217 1693 {tias
234 1621 333 1694 haud
352 1624 461 1695 aliter
478 1623 602 1698 dubiis
621 1623 819 1698 affectibus
836 1635 946 1711 errat,

141 1757 166 1808 e
180 1735 301 1809 vicem
319 1739 436 1835 ponit,
456 1740 695 1837 positamque
712 1741 913 1814 resuscitat
930 1739 1035 1815 iram.

141 1851 183 1921 rit
198 1873 282 1925 esse
300 1862 426 1925 tamen
442 1855 573 1927 melior
585 1879 763 1950 germana
779 1868 958 1953 parente:
1012 1860 1087 1931 475

141 1968 419 2062 :cnsanguineas
438 1982 480 2042 ut
496 1971 679 2065 sanguine
697 1973 814 2047 leniat
831 1975 997 2060 umbraS,

142 2092 242 2155 etate
257 2083 320 2180 pia
336 2097 415 2159 est:
445 2111 532 2159 nam
551 2099 752 2185 postquam
770 2088 925 2186 pestifer
942 2090 1040 2187 ignis

141 2197 260 2285 valuit3
278 2207 300 2235 “
311 2198 443 2295 Rogus
454 2202 525 2276 iste
536 2215 677 2276 cremet
687 2204 958 2291 meaviscera,”
969 2206 1083 2279 dixit:

141 2335 173 2384 re
190 2336 303 2385 manu
322 2315 404 2387 dira
420 2317 563 2411 lignum
580 2317 692 2392 fatale
710 2316 876 2403 tenebat,

156 2430 385 2526 sepulcrales
404 2430 533 2505 infelix
550 2433 669 2506 astitit
686 2457 789 2506 aras:
1010 2437 1085 2506 480

141 2650 215 2714 Cupra
226 2662 302 2701 tenere
309 2653 365 2702 alibi
375 2661 411 2702 est
416 2656 534 2720 persequi,
582 2658 710 2721 geminum
722 2653 982 2720 duplicemviolentiam
989 2659 1014 2701 et
1020 2653 1083 2702 renti

141 2723 229 2781 littere,
245 2726 269 2774 ii.
290 2729 350 2787 1043
367 2727 411 2775 hoc
428 2728 481 2778 loco
497 2731 533 2779 in·
584 2739 608 2777 et
618 2739 690 2777 astus
700 2729 779 2777 maris.

143 2813 193 2847 non
210 2800 332 2865 perficere.
366 2802 444 2849 Mater
461 2821 533 2851 roror-
617 2802 673 2850 476.
689 2802 808 2865 Sangrrlne
825 2798 947 2847 noxiorum
963 2798 1082 2862 parentari

141 2879 193 2921 ctus
203 2883 325 2922 maternus
336 2883 361 2923 et
371 2876 481 2932 sororius,
493 2878 532 2941 qni
583 2874 760 2922 interlectorum
775 2871 863 2920 umbrie
876 2869 1025 2919 credebatur.
1056 2871 1082 2920 si

147 2945 199 3011 jam
216 2950 308 2994 nomina
319 2956 440 3006 vocantur,
452 2960 476 2998 et
485 2966 533 2999 ver.
584 2957 663 2996 autem
672 2947 749 2996 verbis
755 2948 963 3010 cmmnguiuearet
970 2949 1083 3010 unguine

148 3019 206 3068 ³46.
239 3021 341 3068 Sororem
351 3021 441 3085 adjuvit
451 3021 533 3071 odium
582 3021 663 3071 ludere
679 3019 874 3085 voluit,ineptiit.
908 3019 1027 3081 luminare
1042 3023 1082 3083 pia

141 3101 309 3156 aconceptum
329 3103 412 3142 contra
429 3105 533 3152 mutem,
583 3106 623 3145 ert.
656 3097 709 3145 Hoc
720 3093 974 3159 oxymorodelectetur
981 3095 1082 3143 Noster:

141 3163 226 3214 iillum
244 3165 384 3222 naturalem,
395 3183 443 3231 quo
454 3169 531 3217 lerun·
583 3168 661 3230 iii.5;
676 3167 786 3216 vitata.
822 3168 979 3216 Consularem
994 3165 1081 3216 dicitur

141 3245 186 3287 tres
208 3238 233 3287 in
254 3239 350 3287 libems.
384 3241 530 3299 indiverso,
582 3242 652 3306 ignis,
663 3256 736 3306 quum
754 3240 918 3289 alimentorum
933 3238 1079 3305 sat'accipit.

141 3311 234 3361 unsilia.
268 3312 353 3378 Pugna
367 3313 468 3379 primum
483 3332 529 3365 non
584 3317 662 3380 Ragau
680 3314 783 3378 graviter
799 3322 823 3362 et
843 3313 965 3362 commode
983 3325 1080 3363 vocatur

141 3403 156 3435 n
170 3402 196 3435 se
210 3387 298 3450 prodit.
331 3388 413 3443 Surum,
425 3388 465 3436 irae
477 3407 530 3454 pro·
579 3389 622 3436 illa
633 3389 749 3452 lignorum
763 3397 848 3442 sance,
862 3401 914 3450 qua
930 3401 985 3434 cum
999 3387 1079 3452 stipite

153 3458 271 3508 Iratorum
292 3461 355 3508 enim
376 3463 437 3510 oculi
454 3464 530 3512 solent
580 3461 651 3511 etiam
662 3460 737 3510 filiurn
748 3460 869 3525 perditura
879 3459 978 3523 etquasi
989 3475 1079 3510 crema·

141 3541 161 3582 et
171 3550 220 3597 prae
232 3533 314 3582 ardore
325 3537 448 3583 rubescere.
582 3546 634 3584 tura
651 3543 710 3584 erat.
744 3534 832 3583 Cremrt
849 3551 899 3582 meu
914 3537 1016 3593 oirceru‚·
1033 3551 1078 3584 vox

141 3607 326 3670 Batus-errat]
344 3610 435 3665 AEstus,
445 3609 532 3657 fluctus
582 3625 679 3656 summai
690 3608 741 3663 ira,
753 3623 807 3671 que
824 3623 853 3656 ne
868 3605 1009 3670 cogitatione
1026 3609 1079 3671 qui·

152 3682 240 3730 marie:
258 3683 308 3729 Ill.
319 3683 531 3732 Trist.ii.15.ven·
582 3681 637 3730 dem
647 3680 740 3737 luroris,
753 3696 800 3744 quo
812 3681 837 3728 in
850 3695 892 3729 sua
904 3679 979 3743 ipsius
988 3680 1078 3729 viscera

141 3757 266 3816 ejactolor
276 3765 298 3803 et
309 3759 385 3804 undis.
408 3755 448 3804 Sic
460 3759 530 3805 dubia
579 3754 702 3809 seviebat,
711 3752 812 3802 coerceri
819 3753 904 3817 potuit.
924 3752 1013 3802 Viscera
1020 3770 1078 3810 mea,

141 3838 175 3877 rt.
190 3828 272 3877 Amat.
288 3828 313 3876 ii.
332 3830 389 3878 514.
420 3829 467 3877 Sed
484 3829 529 3878 hoc
579 3829 653 3878 filium
664 3843 751 3876 meum.
767 3825 906 3875 Videndr.
920 3827 959 3875 la.

141 3902 267 3967 r's'affectur
277 3913 332 3952 sunt
342 3903 461 3961 contrarii,
468 3903 530 3952 inter
612 3905 668 3952 480.
681 3905 742 3951 Ante
747 3902 891 3963 ropulcroler¹
898 3900 958 3963 eta]
976 3900 1078 3949 Inferias

141 3991 160 4026 a
179 3976 253 4025 dubia
272 3978 412 4026 fluctuabat.
449 3977 529 4026 Etiam
579 3978 648 4044 quasi
663 3973 859 4042 paratlmtribue.
890 3975 954 4022 Eum
966 3973 992 4021 in
1007 3973 1076 4021 finem

141 4049 286 4114 inrigatione
295 4050 403 4116 petitum,
412 4050 453 4101 ubi
461 4052 529 4101 navis
578 4052 638 4100 alias
647 4066 694 4100 are
703 4049 811 4100 solebant
820 4046 879 4097 strui
891 4046 916 4094 in
925 4047 1041 4108 κριιὶσήε,
1052 4046 1078 4095 in

141 4139 172 4173 in
190 4123 238 4174 huc
254 4124 313 4174 illuc
331 4124 442 4189 agitatur.
478 4125 528 4175 Vin
578 4124 654 4190 iisque
672 4138 742 4174 sacre
758 4120 818 4179 lieri,
836 4121 951 4171 Manibus
969 4116 1079 4168 excitatis
