2774 5004
170 340 237 403 5011
465 336 504 400 Ρ.
526 334 686 401 OVIDII
712 331 925 399 NASONIS

176 511 367 606 Certaque
386 490 529 582 letifera
546 507 684 581 direxit
700 507 845 603 spicula
861 506 1010 578 dextra.

174 624 285 707 Quod
297 623 470 696 Priamus
487 622 649 718 gaudere
665 645 782 694 senex
796 629 883 716 post
898 618 1068 709 Hectora
1079 626 1197 714 posset,

174 737 257 810 Hoc
276 739 367 812 fuit:
397 740 459 812 ille
477 741 589 834 igitur
607 748 793 810 tantorum
811 736 941 819 vietor,
961 733 1124 819 Achille,

171 852 343 926 Vinceris
361 879 384 926 a
401 855 532 926 timido
552 853 676 926 Graiae
695 863 842 947 raptore
860 850 1026 923 maritael

172 968 224 1041 At
238 969 268 1041 si
287 967 447 1043 femineo
464 969 585 1041 fuerat
603 969 670 1039 tibi
690 966 815 1038 Marte
832 966 1061 1051 cadendum,
1143 967 1197 1036 610

171 1081 510 1156 Thermodontiaca
527 1083 661 1155 malles
679 1081 863 1154 cecidisse
882 1081 1050 1178 bipenni.

170 1196 256 1270 Jam
275 1199 386 1270 timor
404 1199 465 1270 ille
485 1199 693 1294 Phrygum,
713 1183 829 1268 decus
848 1206 887 1268 et
903 1195 1026 1268 tutela
1045 1192 1182 1287 Pelasgi

174 1311 359 1397 Nominis
380 1312 566 1398 AEacideS,
587 1324 701 1410 caput
719 1312 972 1408 insuperabile
991 1312 1106 1395 bello,

172 1427 345 1515 Arserat3
375 1430 539 1501 armarat
558 1429 664 1501 Deus
683 1429 795 1511 idem,
811 1429 988 1522 idemque
1008 1427 1191 1499 cremarat.

203 1651 259 1699 607.
278 1652 344 1705 Quod
359 1652 466 1700 Priamus
479 1655 589 1717 gaudere,
606 1654 665 1716 etc]
718 1651 774 1702 Jani
786 1653 917 1701 Excursum
931 1650 962 1698 ad
975 1652 1061 1699 Horat.
1070 1650 1096 1699 d.
1104 1649 1148 1699 loc.
1161 1649 1199 1697 Non

172 1724 289 1772 Eventum
301 1724 334 1773 rei
346 1727 461 1774 sententia
473 1727 585 1782 declarat,
597 1742 667 1790 quarn
719 1743 800 1790 parum
817 1724 959 1773 tortitudinis
969 1724 1046 1789 spirat
1057 1724 1155 1789 epistola
1164 1725 1200 1787 rjus

172 1795 241 1844 valde
249 1798 428 1846 commendabat
439 1800 554 1857 Vinicius,
562 1817 668 1848 summus
719 1799 749 1846 ad
762 1799 887 1854 Helenam,
899 1814 952 1861 que
964 1798 1055 1860 legitur
1064 1796 1199 1846 nemum
1225 1796 1230 1803 '

171 1878 262 1917 amator
276 1871 375 1930 ovidii,
394 1874 491 1928 Seneca,
503 1874 613 1923 Contmv.
625 1877 666 1922 33.
720 1872 820 1927 Marito,
837 1871 1027 1934 quamlrabcbat
1043 1870 1200 1934 maritampot
1238 1866 1240 1911 !

173 1940 214 1988 Ad
226 1943 347 1992 Priamum
363 1948 425 1992 enim
444 1947 474 1993 ob
490 1947 616 1994 Hectorem
633 1947 667 1994 in·
719 1951 819 2008 raptum,
832 1952 857 1990 ut
873 1959 921 1990 ver.
933 1946 957 1991 5.
968 1955 1038 2004 rapta
1053 1960 1106 1990 coar
1116 1947 1201 2004 mjsgs

171 2014 294 2062 terfectum
311 2017 438 2065 maximum
459 2018 572 2080 gaudium
592 2020 666 2068 redire
718 2017 747 2064 ld
758 2027 836 2064 tamen
848 2033 894 2064 non
902 2016 982 2079 placet
990 2015 1201 2080 Burmannoqnier

172 2086 274 2135 debebat
284 2104 313 2136 cx
324 2088 426 2138 Achillis
435 2099 516 2138 morte.
549 2093 618 2139 Senes
631 2109 666 2139 so
717 2091 824 2138 unolllS.
832 2089 1047 2154 praelertjuuence.
1057 2087 1202 2154 qniaHemid.

171 2160 241 2207 lennc
258 2160 344 2209 l'riami
363 2163 497 2226 epitheton;
520 2174 582 2212 auter
600 2166 667 2213 Prio-
717 2179 740 2210 v.
753 2163 912 2227 117.etapnd
921 2163 1001 2211 lscan.
1011 2163 1048 2212 iii.
1056 2166 1115 2212 374.
1125 2163 1202 2212 Helen

170 2250 220 2280 nus
230 2234 322 2283 dixerat
334 2236 432 2285 Ennius.
466 2238 581 2293 Gaudere,
593 2247 617 2286 ut
628 2241 666 2284 do
718 2237 897 2298 GroioJ‘uoenoa
905 2245 1018 2295 vocatum
1036 2237 1078 2285 aad
1088 2236 1203 2300 inntroqm

171 2308 218 2354 lero
227 2316 251 2354 et
259 2325 359 2364 merere,
369 2310 454 2374 passim
465 2320 576 2374 quartum
587 2327 667 2359 casum
717 2309 758 2355 illo
779 2309 831 2356 loco
858 2305 976 2370 allegorias
1000 2310 1127 2358 servande
1147 2322 1204 2358 mosa

170 2379 214 2428 sibi
227 2380 365 2446 adjunctum
378 2383 465 2440 haber,
483 2385 536 2432 vide
552 2385 667 2433 Burman·
717 2381 839 2429 commode
856 2383 887 2429 ita
903 2381 991 2430 dicitnr
1006 2398 1063 2446 quae
1079 2382 1105 2430 h.
1120 2381 1204 2432 branila

75 2484 79 2490 ·
171 2470 228 2503 num
241 2456 270 2504 ad
287 2457 394 2506 inmo.
427 2459 551 2523 Copiosius
567 2458 667 2507 Achillis
716 2463 761 2503 est.
799 2456 999 2504 Themiodontiaco
1016 2457 1121 2518 bipenni.
1156 2456 1204 2503 Pen-

171 2543 253 2577 cesum
270 2544 363 2579 enarrat
382 2531 486 2589 Quintus
505 2532 614 2587 Calaber,
633 2532 668 2582 iii.
717 2529 840 2577 thesileam
850 2528 971 2591 intelligit,
980 2528 1133 2577 fortissimam
1143 2532 1203 2577 Ama·

174 2603 220 2650 176
228 2619 281 2667 sqq.
300 2604 337 2652 lbi
348 2605 481 2670 procumbit
491 2605 576 2653 montis
586 2607 666 2660 instar,
717 2618 808 2657 nonum,
826 2602 857 2650 ad
878 2602 1045 2650 Thermodonta
1061 2603 1158 2650 fluvium
1173 2601 1204 2648 ba·

170 2691 225 2723 cum
250 2687 348 2726 tremore
375 2678 474 2734 telluris,
501 2692 666 2740 armorumque
717 2676 852 2731 bitnntium,
880 2675 994 2739 reginam,
1021 2692 1078 2739 qum
1111 2673 1204 2740 Trojano

170 2749 269 2814 fragore.
303 2752 333 2799 In
351 2753 427 2800 talum
443 2767 497 2800 eum
515 2767 565 2799 esse
584 2752 666 2798 vulne·
717 2749 831 2797 auxilium
843 2749 930 2797 tulerat
942 2748 1056 2796 adversus
1068 2747 1204 2802 GrecosQ.

170 2832 246 2871 ratum
265 2824 328 2872 idem
344 2826 449 2882 Quintus
465 2826 519 2872 Cal.
537 2833 664 2872 memorat:
717 2824 827 2879 Calaber,
846 2824 868 2881 i;
885 2823 1009 2885 Virgilius,
1032 2824 1092 2871 AEn.
1118 2825 1136 2871 i.
1156 2824 1204 2878 490,

170 2911 254 2961 nempe
274 2898 293 2945 is
313 2899 377 2946 aolus
394 2898 547 2946 vulnerabilis
564 2899 634 2946 luisse
652 2915 666 2946 a
716 2898 961 2953 Justinus,ll.iv.3l.
979 2897 1204 2962 BipenniseraeAmr·

169 2970 338 3019 recentioribus
366 2973 501 3020 auctoribus
527 2972 665 3033 fingebatur,
717 2971 779 3018 zonis
790 2972 879 3035 effigies
890 2986 1002 3034 expressa
1015 2981 1054 3018 est
1065 2970 1130 3035 apud
1141 2970 1205 3018 Dral.

171 3058 244 3106 quum
266 3043 383 3108 reliquum
401 3061 493 3109 corpus,
516 3046 540 3092 in
561 3047 633 3108 Styge
652 3061 666 3092 a
716 3045 746 3093 ad
757 3046 849 3101 Silium,
860 3047 885 3094 ii.
897 3046 937 3092 77.
957 3045 1015 3108 lpsa
1027 3043 1205 3096 Penthesileam

170 3127 244 3167 matre
272 3118 382 3174 tinctum,
413 3119 486 3168 nullis
511 3119 582 3167 armis
611 3119 665 3167 ledi
715 3120 815 3182 gemmis
827 3119 934 3184 pluribus
946 3116 1103 3181 conspicitur.
1136 3119 1204 3167 Etiam

169 3200 254 3252 posset.
715 3193 779 3257 apud
797 3194 913 3252 Quintum
935 3191 1033 3240 Calabr.
1055 3191 1073 3239 i.
1100 3193 1154 3241 157.
1171 3193 1206 3241 ort

202 3266 258 3313 608.
287 3265 331 3314 ltte
355 3269 429 3329 igitar
457 3276 581 3322 lantonem,
602 3268 661 3328 etc]
714 3264 858 3330 ἀμφίτυπον
868 3266 1015 3329 βουπλῆγα·
1033 3265 1077 3314 sed
1089 3267 1113 3314 in
1125 3267 1205 3318 tabula,

169 3335 333 3401 Epiphonemn
354 3343 503 3404 preclarum,
527 3341 566 3388 cui
588 3339 664 3388 simile
715 3357 785 3404 quarn
805 3339 943 3394 Pausanias,
962 3338 1038 3385 Phoc.
1053 3356 1078 3403 p.
1095 3341 1154 3388 875.
1169 3339 1203 3386 de·

169 3408 227 3458 illud
240 3412 269 3460 de
281 3414 376 3461 Priamo
387 3414 451 3477 apud
460 3415 596 3477 Virgilium,
608 3416 665 3461 AEn.
714 3415 804 3471 scribit,
816 3430 895 3462 arcum
908 3414 1011 3461 habebnt
1019 3413 1140 3476 Scythicis
1149 3413 1204 3462 simi·

168 3481 331 3549 1155411111.
367 3487 463 3534 Initium
482 3489 555 3550 spirat
570 3504 664 3534 sensum
715 3487 770 3536 lem.
804 3488 892 3535 Fortior
904 3486 988 3534 Paride
1000 3486 1023 3533 in
1035 3487 1122 3534 eadem
1133 3487 1206 3535 tabula

169 3556 314 3614 Graecorum,
325 3559 355 3606 dc
367 3574 414 3621 quo
426 3559 480 3606 vide
491 3560 521 3606 ad
533 3560 566 3606 ix.
581 3561 603 3607 7,
625 3560 665 3622 Ig-
715 3562 858 3625 apparebat3
887 3560 952 3607 vultu
980 3559 1044 3606 cuim
1068 3561 1207 3612 declarabat,

168 3629 244 3676 naviae
266 3641 290 3677 ct
309 3630 416 3678 mollitiei
436 3632 528 3680 Paridis
549 3631 664 3695 picturam
714 3653 739 3682 sc
750 3650 804 3681 cum
816 3650 863 3697 prae
874 3650 899 3681 se
911 3648 1027 3696 spernere.
1047 3633 1130 3681 Sedet
1141 3635 1205 3680 Ama·

170 3702 244 3750 babes
253 3704 315 3767 apud
323 3705 407 3752 Horat.
416 3705 436 3751 1.
444 3704 537 3752 dev.
547 3706 666 3765 13.-18;
715 3723 798 3754 conum
811 3707 924 3754 auxilium
936 3715 988 3769 post
1000 3707 1098 3754 Homer.
1113 3725 1128 3755 a
1137 3709 1212 3771 poetis.

75 3800 78 3806 ,
168 3792 305 3840 quanquam
332 3779 412 3829 Latini
434 3796 488 3826 eum
511 3787 585 3843 poetm
606 3777 664 3827 mol·
715 3790 859 3844 assumptum
870 3780 893 3825 in
903 3777 959 3825 belli
970 3779 1066 3843 'l'rojani
1076 3781 1206 3836 historiam,

167 3850 248 3898 liorem
263 3853 389 3909 finxerunt,
405 3870 476 3917 quam
494 3853 556 3918 apud
575 3855 664 3902 Home·
715 3853 768 3900 vide
779 3853 898 3916 llcynium
910 3853 940 3900 ad
953 3853 1019 3915 Virg.
1029 3853 1053 3900 d.
1065 3853 1083 3902 l.

166 3940 218 3972 rum
234 3935 338 3990 apparet.
371 3928 465 3992 Nempe
478 3928 534 3992 quia
547 3927 666 3991 elegantia
747 3930 803 3974 611.
817 3927 931 3987 firman]
946 3928 983 3973 De
992 3928 1155 3975 combustione
1166 3928 1205 3975 hac

166 3999 218 4062 ejus
234 4001 264 4046 ab
275 4001 369 4049 heroum
384 4002 525 4065 reliquorum
539 4001 665 4063 asperitate
715 4001 768 4048 vide
777 4001 913 4056 Homerum,
921 3999 970 4047 Od.
981 4004 1012 4048 Ω.
1022 4001 1053 4047 57
1061 4018 1123 4064 sqq3
1137 4003 1205 4059 Quin-

166 4073 314 4131 abhorrcbat,
325 4085 448 4140 propterea
462 4077 492 4123 ab
509 4075 545 4122 liis
557 4084 660 4122 contem·
713 4083 763 4121 tum
780 4073 833 4122 Cal.
848 4074 881 4123 rii.
915 4073 1066 4137 ineptissimo
1080 4092 1159 4122 rursus
1174 4076 1205 4121 in·

165 4147 265 4196 uebatur
280 4157 400 4214 tamquam
415 4148 587 4215 γυναιμανήςς
605 4147 659 4203 vide
712 4147 774 4210 genii
792 4148 845 4195 lusu
861 4147 966 4199 maculet
982 4147 1062 4197 locum
1082 4149 1205 4212 pulcherri-
