2774 5004
374 452 547 525 INDEX
578 452 777 526 RERUMv

535 596 617 654 QUAE

286 720 339 778 IN
370 719 682 792 UNOQUOQUE
713 720 865 781 LIBRO

151 878 760 954 METAMORPHOSEON
801 880 1004 954 OVIDII

447 1025 703 1076 CONTlNENTUR.

228 1288 334 1336 LIBER
351 1289 373 1336 l.

146 1360 171 1410 in
182 1371 281 1422 quatuor
290 1363 415 1412 elementa.

145 1444 191 1484 .et
210 1444 293 1485 terram
314 1437 417 1497 quinque
438 1437 548 1498 distingui

146 1600 157 1631 r
166 1593 287 1633 ventomm
298 1586 411 1645 regiones.

145 1659 242 1718 sorigo.

146 1749 158 1780 r
167 1741 261 1782 aetatum
272 1734 403 1794 descriptio.

145 1808 282 1867 amsanguis
289 1809 313 1857 in
322 1808 428 1859 homines
435 1809 548 1860 cmdeles.
571 1851 578 1865 .

145 1881 181 1929 rin
192 1882 283 1941 lupum.

145 1955 223 2005 circuli
231 1956 363 2017 descriptio.

145 2029 208 2078 ratio.

152 2103 283 2163 descriptio.

145 2178 187 2226 sin
194 2178 306 2229 homines.

145 2253 241 2301 avariae
252 2254 388 2303 animalium
399 2255 490 2314 ligures.

145 2326 167 2374 is
176 2328 289 2386 serpentis
298 2328 381 2378 cedes.

148 2402 205 2451 ludi.
271 2395 273 2400 ⁸

145 2478 177 2525 nis
187 2478 320 2536 sagittarum
329 2479 461 2538 descriptio.

145 2568 156 2600 e
165 2551 190 2600 in
198 2552 297 2600 laurum.

149 2626 280 2685 descriptio.

145 2715 228 2749 accam.

145 2774 180 2823 uli
190 2775 214 2822 in
225 2774 323 2822 caudam
335 2776 439 2834 pavonis.

147 2849 252 2908 nympha
263 2850 286 2897 in
297 2849 422 2898 salernum.
515 2909 517 2911 ‚

145 2922 194 2971 ain
202 2923 328 2972 humanam
340 2924 445 2972 tonnam.

145 2997 204 3045 antu
213 2998 352 3058 Epaphique
361 2998 486 3046 contentio.

225 3129 329 3177 LIBER
347 3131 381 3177 11.

149 3219 205 3267 solis
214 3219 345 3279 descriptio.

145 3293 220 3340 ranni
231 3302 315 3351 partes.

145 3383 201 3415 rrrus
211 3367 343 3426 descriptio.

147 3457 170 3488 m
182 3441 241 3488 Solis
253 3442 355 3490 nomina.

146 3515 279 3562 ncendium.

145 3605 150 3635 ι
161 3591 267 3649 querele.

145 3663 204 3711 ontis
214 3680 289 3711 casus.

145 3752 164 3784 es
174 3738 198 3785 in
209 3739 316 3796 populos.

145 3827 149 3857 ι
160 3828 198 3860 rex
211 3813 322 3871 Ligurum
333 3813 357 3861 in
368 3814 462 3861 olorem.

145 3902 151 3931 ι
163 3887 279 3944 Lycaonis
289 3888 336 3935 filia
346 3888 371 3935 in
382 3903 468 3935 ursam.

145 3977 190 4008 tum
202 3962 302 4010 Callisto
313 3971 385 4010 matre
393 3962 416 4010 in
428 3962 510 4011 sidera.

151 4052 180 4083 ex
191 4037 290 4084 candido
302 4037 373 4095 niger.

145 4127 148 4154 ι
158 4110 181 4157 in
191 4112 312 4159 comicem.

145 4216 159 4230 ..
174 4186 216 4233 ll'.

599 1287 764 1336 Erichthonius
773 1288 823 1337 sine
833 1296 906 1337 mane
916 1295 992 1336 nabis.

600 1362 741 1421 Nyctimene
751 1363 777 1411 in
784 1371 903 1411 noctuam.

599 1436 691 1495 Ocyroe
701 1437 809 1486 Chironis
816 1437 866 1486 filia
875 1437 900 1484 in
909 1451 1003 1496 equam.

600 1511 688 1570 Apollo
699 1510 724 1559 in
734 1519 858 1570 pastorem.

599 1585 684 1633 Battus
695 1586 720 1633 in
731 1585 833 1645 lapidem
843 1585 952 1634 indicem.

600 1659 717 1719 Aglauros
728 1659 839 1720 Cecropis
848 1659 897 1707 fllia
906 1659 931 1707 in
941 1673 1032 1707 aarum.

600 1732 698 1788 Invidia
707 1732 792 1783 domus
800 1732 933 1793 descriptio.
1025 1794 1028 1799 .

600 1806 697 1855 Invidia
707 1806 798 1857 effictio.

600 1881 693 1938 Jupiter
703 1881 728 1930 in
738 1890 838 1930 taurum.

600 1954 729 2014 Europae:
736 1955 892 2004 Phoeaiciain
901 1955 995 2005 Cretam
1003 1970 1045 2015 per
1054 1955 1097 2004 Jo-

629 2044 680 2078 vem
691 2039 781 2080 avecta.

766 2163 871 2212 LIBER
888 2164 936 2213 111.

601 2252 716 2300 Draconis
725 2253 807 2302 dentes
817 2253 841 2301 in
852 2253 912 2302 viros
922 2264 1030 2302 armatos.

601 2325 706 2374 Cadmus
716 2326 816 2374 Boeotioe
826 2327 939 2375 conditor.

600 2399 698 2447 Actaeon
708 2399 732 2446 in
743 2415 844 2446 cervum.

601 2472 711 2521 Bacchus
719 2488 748 2522 ex
758 2473 849 2521 Semele
860 2473 944 2522 Cadmi
953 2474 1009 2522 filia.

601 2547 616 2594 J
619 2562 665 2595 uno
676 2547 701 2596 in
711 2563 791 2596 mum.

602 2621 691 2669 Bacchi
700 2620 815 2669 educatio.

602 2694 702 2743 Tiresias
709 2695 734 2743 in
745 2694 864 2743 feminam.

601 2770 702 2818 Tiresias
711 2769 736 2818 in
746 2784 842 2818 marem.

602 2844 726 2893 Narcissus
735 2843 760 2891 in
771 2844 857 2892 florem.

603 2918 668 2966 Faeho
678 2918 703 2966 in
713 2933 801 2966 vocem.

602 2992 715 3049 Tyrrheni
725 3000 802 3040 nautes
812 2992 837 3039 in
847 2991 978 3050 delphinos.

603 3065 711 3115 Bacchus
721 3067 746 3114 in
754 3082 859 3125 puemm.

603 3141 701 3190 Penthei
710 3141 842 3199 descriptio.

764 3273 869 3321 LIBER
886 3274 933 3322 lv.

604 3364 691 3413 Bacchi
702 3363 805 3412 nomina.

604 3439 709 3487 Dercetis
719 3438 852 3496 Babylonia
862 3439 887 3485 in
898 3438 994 3497 piscem.

602 3512 735 3561 Semimmis
744 3511 769 3559 in
779 3512 921 3561 columbam.

604 3588 662 3634 Nais
672 3589 696 3636 in
706 3587 803 3647 piscem.

602 3664 672 3710 Mora
682 3679 710 3712 ex
719 3663 778 3711 albis
789 3663 854 3723 nigra
865 3663 960 3721 Pyrami
971 3671 994 3712 et
1004 3663 1102 3713 Thisbes

632 3737 745 3798 sanguine
755 3737 844 3786 effecta.

607 3812 704 3861 Veneris
714 3829 768 3860 cum
779 3814 856 3860 Marte
868 3812 1013 3859 adulterium.

606 3887 737 3935 Leucothoe
748 3888 772 3935 in
783 3887 855 3935 thuris
866 3887 978 3932 arborem.

605 3961 683 4019 Clytie
691 3961 715 4009 in
727 3960 888 4019 heliotropium
899 3959 1002 4006 herbam.

605 4036 715 4094 Daphnis
726 4035 803 4082 ldeus
813 4034 837 4080 in
848 4048 938 4080 saxum.

605 4109 707 4166 Scython
719 4109 742 4155 in
755 4108 872 4155 seminam.
