2774 5004
279 299 346 385 urz
570 308 1033 381 cortanenseris

283 489 358 566 Hic
375 489 515 588 posuit,
530 508 745 583 nomenque
759 485 883 574 simul,
899 482 1003 584 quod
1015 483 1329 584 possitequornm

280 606 547 693 Admonuisse,
561 603 674 702 jubet
690 602 899 700 deponere:
928 600 1117 699 “Quique
1135 600 1242 676 fuisti

282 721 528 820 Hippolytus,
547 719 656 806 dixit,
675 742 775 792 nunc
794 719 894 792 idem
912 716 1067 790 Virbius
1083 717 1209 791 esto.’'

283 835 370 910 Hoc
387 860 521 909 nemus
539 835 626 908 inde
644 834 740 920 colo,
758 833 809 907 de
827 833 974 929 Dlsque
991 832 1200 906 minoribus
1220 855 1317 923 unns.

281 951 450 1027 Numine
467 952 539 1024 sub
557 951 718 1025 dominae
735 950 848 1034 lateo,
867 957 983 1044 atque
1000 970 1210 1022 accenseor
1225 948 1291 1021 illi.

333 1067 421 1142 Non
438 1078 565 1141 tamen
584 1065 731 1163 Egeriae
748 1066 873 1138 luctus
891 1060 1014 1138 aliena
1030 1063 1157 1137 levare
1259 1066 1326 1137 547

283 1184 434 1258 Damna
448 1182 589 1268 valent,
608 1181 824 1277 montisque
837 1182 971 1277 jacens
988 1178 1180 1253 radicibus
1199 1177 1284 1251 imis

283 1299 457 1399 Liquitur
474 1299 513 1371 in
530 1299 724 1372 lacrimas:
753 1298 886 1382 donec,
907 1296 1046 1394 pietate
1063 1294 1230 1368 dolentis

283 1414 405 1502 Mota,
420 1439 525 1489 soror
536 1415 671 1488 Phoebi
686 1413 854 1511 gelidum
866 1412 915 1487 de
927 1434 1084 1508 corpore
1096 1410 1243 1484 fontem
1260 1412 1328 1483 550

279 1530 402 1618 Fecit,
421 1540 461 1604 et
477 1542 637 1604 aeternas
655 1542 758 1604 artus
775 1528 944 1603 tenuavit
959 1527 999 1599 in
1016 1527 1152 1600 undas.
1203 1527 1328 1621 [nabis

334 1645 403 1720 tv.
431 1645 484 1720 At
503 1644 702 1746 Nymphas
720 1645 846 1741 tetigit
865 1668 962 1717 nova
977 1667 1053 1731 res;
1082 1653 1123 1715 et
1140 1640 1329 1715 Amazone

284 1760 399 1835 Haud
417 1761 526 1836 aliter
538 1763 696 1860 stupuit,
711 1784 826 1857 quam
844 1785 962 1859 quum
976 1758 1196 1858 Tyrrhenus
1212 1770 1330 1831 arator

284 1875 455 1951 Fatalem
472 1877 621 1972 glebam
639 1878 773 1951 mediis
791 1878 941 1977 aspexit
958 1877 996 1949 in
1014 1876 1125 1962 arvis,

284 1990 428 2088 Sponte
442 2015 511 2065 sua
520 1993 695 2088 primum,
707 1993 887 2090 nulloque
897 1993 1076 2090 agitante,
1089 1990 1245 2076 moveri,
1260 1994 1329 2063 555

282 2104 443 2178 Sumere
459 2129 549 2178 mox
565 2106 739 2195 bominis,
758 2120 944 2207 terreque
962 2108 1134 2182 amittere
1151 2105 1321 2191 sormam,

284 2218 440 2318 Oraque
455 2221 622 2294 venturis
640 2222 784 2320 aperire
802 2223 968 2298 recentia
984 2222 1081 2297 satis

283 2335 478 2432 indigenae
494 2336 626 2411 dixere
643 2337 787 2435 Tagen,
807 2341 872 2437 qui
890 2339 1033 2437 primus
1052 2337 1254 2411 Etruscam

283 2451 450 2527 Edocuit
467 2462 616 2548 gentem
637 2479 746 2529 casus
765 2456 908 2553 aperire
925 2455 1085 2528 futuros,

334 2567 381 2641 V.
411 2567 541 2666 thue
559 2569 743 2644 Palatinis
758 2573 962 2646 haerentem
978 2569 1137 2644 collibus
1154 2568 1245 2640 olim
1258 2570 1331 2641 560

315 2739 374 2787 542.
391 2738 439 2788 Hic
457 2742 540 2800 posuit,
560 2740 621 2803 eto]
651 2739 779 2804 Virgilius:
865 2743 921 2792 550.
934 2738 1254 2801 Gelidumdecorpors,etc.]
1268 2738 1330 2801 Fge-

282 2815 300 2840 “
309 2810 344 2858 At
353 2810 433 2859 Trivia
444 2812 600 2876 Hippolytum
611 2813 709 2861 secretis
719 2815 783 2862 alma
832 2815 868 2863 ria
877 2816 928 2862 lons
937 2825 961 2862 et
972 2814 1040 2862 lucas
1048 2813 1078 2860 nd
1088 2810 1194 2859 Ariciam
1202 2819 1246 2859 est.
1263 2811 1333 2865 Fons,

282 2883 389 2931 recondit
401 2884 510 2940 Sedibus,
521 2895 545 2933 et
559 2886 678 2951 Nympha
690 2888 781 2950 Egeriae
832 2888 888 2936 olim
901 2887 1008 2951 religiose
1019 2886 1098 2935 cultus
1107 2894 1132 2933 et
1143 2895 1248 2938 ornatus,
1258 2885 1332 2933 Juve-

282 2955 419 3019 nemorique
430 2957 546 3021 relegat.”
568 2959 657 3007 Virbius
668 2961 734 3023 quusi
746 2960 783 3008 bis
832 2963 881 3010 nal.
900 2959 926 3008 ii.
948 2962 988 3008 17.
1009 2960 1082 3009 etiarn
1103 2958 1173 3007 hodie
1194 2957 1331 3006 ostenditur.

282 3028 326 3085 vir,
355 3029 504 3094 παλίμβωςε
539 3046 623 3096 nempe
645 3031 669 3078 in
695 3033 782 3097 templo
835 3034 936 3082 Tenunri
945 3033 1037 3099 proprie
1048 3033 1160 3082 dicuntur
1170 3047 1271 3096 quorum
1283 3047 1332 3079 cor·

281 3101 369 3151 Diante
390 3102 494 3151 Aricina
517 3103 648 3151 domestica
669 3104 782 3168 religione
831 3124 877 3173 pus
886 3108 1015 3164 evanescit,
1027 3117 1068 3156 aut
1077 3108 1100 3154 in
1111 3121 1199 3171 aquarn
1210 3106 1270 3153 abit.

281 3177 406 3225 colebatur
421 3177 518 3226 Virbius
534 3177 640 3240 quidam,
656 3194 726 3242 quern
743 3195 781 3226 se·
865 3185 1003 3231 saa-⁶59.
1022 3182 1101 3246 Tages,
1123 3189 1207 3228 auctor
1227 3180 1333 3244 hartrspr-

282 3249 363 3306 riores,
375 3266 421 3298 non
432 3252 489 3299 satis
500 3259 593 3300 constat
604 3268 654 3308 cur,
667 3250 782 3316 Hippoly·
833 3256 893 3304 cinna
912 3256 975 3321 apud
998 3256 1118 3310 Etruscos,
1140 3270 1169 3302 er
1193 3255 1281 3318 gleba:
1304 3255 1333 3302 cl.

283 3330 334 3371 turn
345 3322 491 3388 interpretati
503 3333 566 3373 sunt.
834 3328 917 3377 Cicero
930 3328 961 3376 de
977 3328 1036 3376 Div.
1051 3328 1077 3377 ii.
1092 3330 1134 3376 2³.
1166 3327 1225 3376 Vid.
1239 3328 1332 3376 ournino

315 3398 371 3444 546.
394 3401 516 3446 Accenreor
537 3400 582 3455 illi,
600 3399 670 3447 datus
688 3398 710 3446 ei
731 3415 783 3447 sum
834 3401 969 3467 Dempsteri
983 3403 1061 3450 Etrur.
1076 3400 1214 3465 Regaliii.
1230 3404 1250 3449 l.
1284 3400 1331 3448 Ad·

282 3468 414 3533 πάρεδρος.
446 3472 572 3537 Inscriptio
588 3472 651 3536 apud
665 3472 782 3531 Gudinm,
833 3476 909 3524 mixta
930 3485 1009 3524 autern
1028 3487 1064 3525 est
1082 3490 1143 3524 novt
1163 3475 1217 3523 haec
1236 3484 1261 3523 et
1276 3475 1333 3522 mira

282 3558 342 3607 pag.
365 3545 406 3592 30.
427 3544 510 3592 Dinnoe
531 3547 641 3593 Ariciniae
662 3557 684 3594 et
709 3547 784 3594 l'r'rblo
833 3549 915 3598 sabula
933 3566 975 3614 per
993 3549 1204 3614 comparutionem.
1224 3547 1294 3613 eique
1308 3557 1332 3597 et

283 3615 349 3664 saer.
367 3615 606 3664 Accensidicebantur
615 3619 714 3666 ministri
723 3621 782 3683 pub·
834 3623 888 3671 aliar
905 3623 938 3671 sic
955 3623 1051 3671 addita.
1084 3623 1217 3687 Hippolyte
1231 3623 1275 3670 soit
1287 3637 1333 3669 nna

283 3687 508 3752 lici'rnagistrntibns
519 3689 633 3738 attributi.
661 3694 784 3740 Arcenseor
833 3712 863 3744 ox
885 3699 1041 3745 Amorouibur.
1073 3698 1228 3760 Quantopere
1255 3706 1333 3742 arator

283 3761 372 3810 babent
383 3762 453 3826 prim.
476 3764 783 3818 Strorw.unusLeidensis
833 3769 874 3818 ille
894 3770 918 3817 in
946 3786 1001 3834 agro
1027 3770 1157 3834 Tarquinio
1183 3771 1332 3831 obstuprmit,

280 3847 307 3885 et
323 3852 383 3884 unus
399 3835 583 3896 Ambrosianus:
608 3837 648 3885 alii
666 3843 782 3888 assentior.
832 3852 912 3892 narrat
929 3843 1013 3893 Cicero
1026 3843 1052 3891 d.
1069 3842 1086 3889 l.
1120 3845 1236 3899 Fatalem,
1252 3859 1267 3890 a
1280 3844 1333 3891 latis

283 3910 356 3958 Plura
372 3919 427 3958 sunt
443 3909 482 3958 bic
496 3926 584 3974 genera
595 3911 711 3969 lectionis,
728 3929 781 3976 quae
833 3926 930 3973 motam,
942 3928 969 3965 nt
980 3917 1049 3964 borno
1059 3916 1115 3964 inde
1125 3917 1236 3965 oriretur.

284 3983 337 4031 vide
354 3984 418 4049 apud
437 3984 570 4034 Heinsiurn.
603 3985 684 4034 Codex
704 3996 782 4037 noster
864 3992 1002 4039 560-564.
1019 3992 1114 4038 Rotunlr'
1136 3993 1202 4038 horto
1224 3990 1249 4038 in
1267 3993 1332 4039 arbo·

284 4057 377 4122 Regius
391 4058 423 4106 A.
433 4063 555 4118 ementior,-
572 4061 646 4109 codex
661 4064 692 4111 B.
705 4079 780 4111 accer-
831 4081 890 4113 rem.
925 4066 995 4115 Conl.
1007 4065 1150 4114 Plutarchus
1160 4066 1184 4113 in
1197 4065 1331 4114 Βοώτ-

281 4133 336 4188 rior,
347 4142 371 4180 et
381 4148 423 4215 pro
433 4134 499 4183 varia
508 4134 609 4185 lectione
621 4140 741 4198 acceptior.
832 4137 883 4187 vius
906 4138 937 4186 ad
960 4138 1096 4204 Virgilium,
1118 4138 1217 4188 AEncid.
1237 4138 1273 4188 iii.
1293 4139 1332 4189 46.
