2774 5004
168 335 213 403 os
389 419 392 424 ,
461 333 503 400 r.
525 331 926 400 ovrnnuusoms

169 509 284 584 Flava
296 533 424 584 comas
442 509 585 595 aderat,
603 506 787 583 faciendis
805 518 959 582 strenua
971 505 1103 604 jussis,

169 625 313 699 Officiis
331 625 472 699 dilecta
488 625 589 698 suis:
618 648 664 698 ea
682 624 801 698 sensit
818 624 951 721 iniqua

169 739 309 815 Nescio
326 741 420 838 quid
436 738 460 812 J
462 764 586 815 unone
604 741 704 837 geri3
733 742 903 838 dumque
922 737 1003 815 exit
1021 750 1063 812 et
1080 738 1190 811 intrat

169 858 281 956 Saepe
298 856 408 943 sores,
429 855 566 931 Divam
583 858 810 932 residentem
827 856 921 930 vidit
939 857 976 929 in
995 878 1074 938 ara,
1144 857 1217 926 310

171 973 412 1071 Brachiaque
429 972 468 1045 in
486 972 645 1068 genibus
663 974 792 1070 digitis
810 994 983 1046 connexa
999 979 1211 1056 tenentem3

170 1088 241 1178 Et;
264 1099 288 1129 ‘⁴
304 1088 555 1187 Quaecunque
571 1091 651 1178 eS,'’
670 1091 734 1176 ait,
755 1099 779 1129 “
794 1088 956 1163 dominae
971 1098 1142 1184 gratare3
1162 1085 1208 1159 le·

316 1216 405 1280 vata
422 1216 481 1280 est

167 1319 319 1417 Argolis
336 1320 530 1406 Alcmene,
549 1321 767 1419 potiturque
782 1342 969 1418 puerpera
985 1318 1113 1392 voto.'’

169 1434 327 1522 Exiluit,
342 1439 574 1535 junctaeque
587 1463 722 1513 manus
741 1435 953 1535 stupefacta
970 1433 1118 1507 remisit

169 1552 268 1627 Diva
280 1564 416 1651 potens
433 1554 549 1629 uteri:
569 1554 702 1627 vinclis
718 1554 820 1627 levor
838 1553 921 1649 ipsa
933 1549 1114 1623 remissis.
1141 1549 1206 1621 315

168 1668 334 1743 Numine
350 1669 514 1766 decepto
531 1669 658 1743 risisse
677 1667 907 1742 Galanthida
923 1666 1025 1739 sama
1042 1675 1115 1738 est.

168 1782 386 1871 Ridentem,
406 1808 659 1882 prensamque
677 1785 770 1885 ipsis
789 1784 874 1858 Dea
891 1806 992 1856 saeva
1007 1780 1157 1880 capillis

166 1897 312 1988 Traxit,
332 1910 371 1973 et
388 1924 409 1973 e
427 1909 527 1974 terra
543 1925 680 1999 corpus
699 1901 863 1975 relevare
880 1899 1070 1973 volentem

167 2013 320 2105 Arcuit;
349 2015 465 2114 inque
482 2018 600 2117 pedes
618 2019 779 2092 mutavit
794 2015 949 2090 brachia
966 2015 1122 2112 primos.

168 2131 380 2206 Strenuitas
398 2132 554 2230 antiqua
572 2145 699 2209 manet
709 2163 719 2222 ;
741 2158 812 2208 nec
830 2145 938 2228 terga
954 2130 1121 2204 colorem
1139 2131 1206 2201 320

166 2243 339 2321 Amisere
358 2272 489 2323 suum:
518 2250 638 2324 forma
655 2261 714 2324 est
730 2250 877 2322 diversa
894 2246 1020 2346 priori.

168 2362 275 2452 Qnae,
292 2363 383 2462 quia
399 2365 572 2439 mendaci
591 2365 798 2465 parientem
813 2367 961 2463 juverat
978 2386 1056 2448 ore,

168 2478 245 2554 Ore
279 2480 379 2579 parit
389 2509 399 2570 ;
437 2491 661 2580 nostrasque
687 2483 832 2570 domos,
864 2491 906 2553 ut
940 2489 979 2552 et
1012 2488 1115 2563 ante,
1146 2475 1209 2547 fre·

318 2608 488 2695 quentat.

197 2779 256 2828 ³12.
276 2779 420 2842 Quocunque
435 2779 479 2842 ea]
515 2777 579 2827 Vide
597 2777 628 2826 ed
648 2777 665 2825 i.
716 2778 823 2824 tubarum
833 2788 991 2836 amorumque
1000 2781 1085 2834 potesis.
1125 2770 1211 2822 Vincis,

165 2853 222 2901 678.
248 2852 332 2900 Leourr'
342 2852 429 2902 dicitur
439 2852 579 2917 parturiens,
590 2867 665 2917 quum
715 2850 784 2915 digiti
793 2847 880 2915 juncti.
901 2847 965 2896 Vide
976 2862 1025 2895 ver.
1037 2847 1078 2894 77.

164 2925 262 2992 deponit
285 2934 388 2991 partum.
424 2927 518 2973 Petitur
539 2935 599 2982 uoto,
623 2925 666 2989 qui
748 2924 805 2972 317.
829 2923 950 2970 Ridentem
974 2934 1132 2982 prauusque,
1157 2913 1213 2977 ete]

165 2999 324 3064 consequitur,
336 2999 400 3064 quod
410 3007 542 3064 optaverat.
716 2994 844 3045 Galanthis
861 3003 966 3043 mutatur
982 2993 1007 3042 in
1021 2992 1157 3048 mustelam,
1172 3007 1214 3055 γα·

199 3074 256 3121 ³14.
271 3072 407 3138 stupefacto
423 3073 531 3121 revocavi
547 3089 561 3121 e
576 3072 666 3121 duobos
715 3070 774 3129 λῆν.
803 3070 896 3133 Nempe
914 3066 1017 3116 mustela
1034 3075 1214 3130 pretereuntem

165 3145 258 3195 Medic.
275 3146 349 3194 MSS.
364 3145 434 3194 Certe
451 3145 485 3194 sie
502 3145 592 3193 Anton.
610 3145 665 3193 Lib.
716 3147 830 3207 terruisse.
845 3142 986 3191 Alcmenen
1004 3140 1100 3189 videtur
1117 3155 1133 3187 s
1147 3147 1213 3205 partu

165 3220 282 3279 ἔκπληξις
293 3218 367 3282 ἔλαβε
379 3220 424 3278 τὰς
434 3218 540 3284 Μοίρας,
552 3221 592 3267 sai
602 3220 664 3278 ᾰνῆ-
715 3217 870 3272 laborantem,
882 3231 983 3280 eamque
996 3215 1042 3264 isto
1057 3222 1145 3262 terrore
1158 3213 1214 3261 rele-

165 3311 214 3343 sav
224 3294 296 3351 εὐθὺς
306 3294 351 3351 τὰς
360 3297 455 3358 χεῖρας.
482 3293 664 3358 Sedpotefortu,
714 3293 790 3341 vissa
809 3293 861 3339 Hoc
870 3298 933 3340 certe
944 3289 1017 3338 tradit
1028 3289 1143 3337 AElianus
1154 3287 1214 3335 Hist-

165 3367 229 3431 quod
244 3365 358 3416 Heinsius
370 3383 384 3415 e
396 3369 470 3432 primo
483 3367 603 3423 mediceo,
617 3365 664 3430 pri-
714 3365 763 3413 An.
771 3365 812 3413 xii.
824 3368 846 3413 5.
857 3363 1003 3428 Ἀλκμήνης
1012 3364 1092 3412 τεκεῖν
1103 3360 1214 3410 cridovo-

164 3455 204 3487 mo
221 3439 353 3489 Basileensi
370 3449 395 3490 et
412 3449 465 3488 octo
481 3441 534 3489 aliis
550 3440 663 3505 pretulit,
712 3439 798 3504 μένης,
825 3437 897 3498 τήνδε
920 3440 1004 3503 γαλῆν
1027 3435 1211 3501 παραδραμεῖν,

166 3513 233 3570 foret,
249 3515 317 3578 enjus
330 3523 393 3564 artes
406 3515 530 3579 patefacto
548 3523 591 3562 aut
605 3529 662 3578 cog·
713 3515 754 3562 sai
768 3515 826 3571 τοὺς
839 3518 890 3562 τῶν
900 3511 997 3561 ὠδίνων
1011 3513 1086 3560 λῦσαι
1103 3508 1214 3574 δεσμούς.

164 3588 229 3636 nitra.
263 3588 403 3637 lactantius
415 3591 545 3649 imprudens
560 3589 665 3636 resolutis
713 3589 777 3636 Hinc
797 3588 898 3636 mustela
919 3588 984 3635 culta
1005 3601 1020 3634 a
1039 3584 1170 3640 Thebanis,
1191 3591 1214 3630 et

164 3665 276 3718 manibus,
287 3670 333 3709 etc.
350 3662 422 3725 Regii
430 3662 500 3711 nostri
510 3662 588 3717 ambo,
596 3679 662 3721 paoe-
714 3662 825 3711 Herculis
847 3662 924 3710 nutrix
944 3661 1019 3708 dicta.
1054 3660 1213 3721 vanscmqrse,

156 3735 237 3800 facta.
271 3734 333 3782 Dion
347 3746 440 3797 poterin
465 3752 545 3802 supra,
565 3753 587 3783 v.
604 3737 662 3784 32³.
714 3745 761 3784 etc.
772 3745 799 3783 ut
814 3735 839 3782 ii.
850 3737 907 3782 476.
944 3734 993 3782 Nec
1007 3742 1082 3797 tergo,
1098 3732 1214 3796 etoquis

165 3810 258 3856 Lucius
272 3817 357 3870 potens.
391 3810 462 3858 Nunc
480 3809 575 3858 additur
591 3812 661 3866 reteri,
713 3810 820 3858 mustela
831 3810 925 3858 dorsum
936 3807 1014 3855 csrnis
1025 3806 1127 3856 colorem
1139 3804 1215 3854 refert.

165 3899 218 3949 qna
239 3890 326 3948 praeest
351 3883 551 3949 parturientibns3
580 3884 663 3932 Horat.
713 3883 833 3932 Mustelas
848 3900 885 3931 ora
898 3897 988 3946 parere,
1000 3889 1072 3945 atque
1086 3879 1160 3928 etiam
1174 3893 1214 3943 per

163 3958 213 4008 111.
228 3956 344 4005 Od.1xv.
363 3959 401 4005 14.
420 3957 530 4006 Bacchus
546 3957 664 4006 Naiadum
714 3971 782 4004 aures
793 3956 854 4004 coire
865 3954 1023 4020 opinabantur
1034 3954 1144 4002 Veteres.
1161 3953 1212 3999 An-

162 4043 255 4096 potens,·
273 4031 354 4080 earm.
367 4032 421 4081 Sec.
433 4032 449 4080 i.
462 4032 542 4081 Diana
552 4036 664 4082 silvarum
713 4032 808 4078 toninus
818 4029 941 4084 Liberalis,
952 4029 978 4076 d.
987 4028 1004 4075 l.
1012 4028 1156 4091 &opiensem
1167 4027 1212 4091 γὰρ

161 4120 257 4171 potens,¹
280 4105 410 4157 claudian.
422 4107 456 4155 R.
468 4106 525 4156 P.i.
538 4109 579 4157 56.
591 4108 663 4157 Pluto
713 4103 751 4153 διὰ
767 4109 818 4154 τῶν
834 4103 912 4154 ὤτων·
929 4105 1004 4154 τίκτει
1020 4101 1041 4151 δ’
1054 4101 1213 4167 ἀναφόρουσα

163 4186 296 4234 ammarum
312 4192 399 4246 potem,
420 4191 444 4233 et
462 4181 487 4232 ii.
507 4183 562 4234 141.
582 4183 663 4233 Pallas
713 4178 888 4244 rdsooiuevou
899 4180 925 4229 ie
936 4180 979 4228 τοῦ
990 4177 1131 4243 τραχήλου.
