2774 5004
1033 222 1055 291 κ

247 357 715 454 mnuomnosnou
737 361 831 428 arn.
849 363 920 430 xr.
997 363 1017 431 s
1042 366 1114 440 cru.

145 542 188 608 et
203 554 308 622 ates,
323 557 475 634 semper
490 554 637 634 pennas
655 534 836 612 habuisse
850 537 1006 637 putetis.
1078 566 1081 571 ·

145 647 231 725 luite
258 660 299 726 ct
313 661 424 725 tanta
439 663 502 739 em,
515 653 631 726 animi
649 653 873 743 constantin,
892 667 1076 753 quantum

145 775 263 852 ἐπεὶ,
281 767 458 864 belloque
473 766 594 855 ferox,
613 767 662 841 ad
678 768 831 867 vimque
847 781 1014 868 paratus,

145 880 221 969 tine
240 881 450 969 Daedulion,
468 882 533 957 illo
551 884 720 981 genitore
736 895 899 975 creatus,
1029 890 1103 963 295

145 1008 258 1071 vocat
274 998 470 1086 Auroram,
488 1001 662 1098 coeloque
678 1001 903 1076 novissimus
919 1003 1012 1077 exit.

145 1135 172 1186 a
187 1112 278 1186 mihi
295 1138 372 1213 pax
388 1127 465 1204 est;
494 1118 600 1215 pacis
617 1118 710 1191 mihi
726 1141 818 1191 cura
833 1118 985 1191 tuenda

145 1228 310 1326 jugiique
326 1231 414 1307 suit:
445 1232 550 1307 fratri
568 1233 646 1308 fera
662 1235 763 1308 bella
775 1234 994 1332 placebant.

145 1367 161 1417 s
176 1341 296 1418 virtus
313 1359 460 1442 gentes,
478 1372 664 1445 regesque
681 1346 845 1445 subegit,

145 1480 266 1532 =nunc
284 1459 479 1535 'l'hisbaeas
497 1463 616 1559 agitat
633 1473 779 1536 mutata
794 1462 1002 1537 columbas.
1028 1466 1103 1535 300
1132 1538 1142 1547 ,

145 1582 207 1648 sta
224 1585 305 1649 erat
320 1574 408 1649 huic
427 1575 588 1662 Chione,
605 1601 690 1674 quoe
708 1576 946 1653 dotatissima
960 1576 1082 1652 forma

145 1692 303 1789 eprocis
321 1692 474 1790 placuit,
493 1693 552 1766 bis
571 1703 718 1792 septem
736 1693 875 1766 nubilis
893 1694 1013 1768 annis.

145 1829 164 1880 e
182 1819 410 1883 revertentes
429 1809 610 1895 Phoebus,
631 1808 812 1907 Maiaque
829 1820 990 1896 creatus,

145 1921 220 1996 suis
239 1922 412 2022 Delphin,
432 1923 493 1999 bic
511 1926 650 1999 vertice
669 1924 866 2022 Cyllenen,

145 2058 190 2110 ue
199 2037 298 2111 hanc
312 2040 473 2137 pariter3
501 2041 641 2137 pariter
654 2051 803 2114 traxere
816 2040 992 2113 calorem.
1024 2042 1098 2112 305

145 2211 193 2257 υς
221 2197 415 2263 qnandoquidem
446 2199 548 2248 etalio
625 2198 1098 2262 bssbTiistmlelriudemrbaBoeutin

145 2279 188 2335 pto
202 2271 292 2320 vivunt.
325 2272 383 2321 Ver.
395 2273 453 2322 290.
466 2271 547 2323 delen·
599 2273 717 2322 columbis
732 2274 864 2331 mudena,
880 2274 906 2324 iu
921 2273 1003 2340 primis
1019 2283 1100 2338 portat

145 2345 390 2412 mntldsinn'nsqnia
399 2346 548 2396 vixhtinm
597 2346 761 2396 Tbiebnorum
780 2348 897 2398 columbis
916 2348 1013 2413 plenus.
1041 2349 1096 2396 Ste-

148 2416 216 2483 qeia,
233 2434 262 2467 cc
278 2419 382 2476 mblato,
403 2419 484 2469 omnia
500 2420 548 2469 tint
598 2420 671 2486 pban.
688 2421 715 2469 in
731 2420 759 2471 h.
770 2439 794 2469 v.
810 2422 935 2477 Humane,
949 2419 980 2468 Il.
995 2421 1026 2468 B.
1040 2422 1097 2468 502.

162 2493 207 2540 Eat
224 2507 282 2540 ane
295 2501 426 2558 comptus,
443 2492 484 2543 ted
499 2509 548 2559 quo
598 2493 767 2558 nlmpripuv
782 2493 874 2556 θίσβη,
890 2492 1007 2540 columbis
1021 2493 1095 2540 abun

146 2578 203 2614 um
223 2565 352 2624 deleamus,
373 2565 474 2629 impedit
494 2566 547 2626 boc,
597 2567 667 2616 dans.
686 2568 788 2624 Statius,
796 2565 1097 2615 dinannensium

145 2637 317 2704 sllaoppositic
334 2640 406 2689 estin
417 2641 548 2690 coluerim
597 2643 739 2688 ciream
752 2640 842 2687 mute.
868 2639 933 2687 Hinc
943 2637 1013 2685 docte
1023 2644 1048 2684 et
1057 2653 1096 2686 or·

145 2726 246 2776 nmque
265 2713 337 2762 etiam
359 2714 466 2763 volucres
483 2728 548 2764 acret
598 2723 653 2764 uate
671 2713 781 2761 Tbitdm
793 2714 905 2761 minerbae
921 2726 971 2776 pro,
985 2711 1097 2759 coturnice

145 2794 229 2835 nunt:
248 2803 302 2836 acer
317 2796 458 2852 perpetuum
472 2788 548 2838 bellu·
597 2789 714 2837 univcrse.
730 2787 777 2835 Sed
789 2786 833 2835 bos
842 2800 937 2851 quoque
946 2783 1096 2833 dumversua

144 2856 247 2908 itlteton',
260 2861 317 2926 Ipsa
325 2863 409 2909 militia
416 2865 476 2910 neris
483 2863 546 2928 apud
598 2860 713 2911 delendos
729 2869 811 2909 cenat
828 2859 949 2915 Heinsius,
968 2858 1027 2923 quia
1043 2858 1096 2908 Na·

145 2948 184 2991 m,
193 2935 217 2983 1.
229 2936 278 2984 Od.
288 2936 354 2986 xxix.
364 2939 389 2985 2.
407 2939 496 2986 Versus
506 2937 548 2987 ille
597 2937 696 2984 sonim
710 2934 778 2983 nitori
792 2948 839 2984 nou
852 2932 1009 3000 respondeant
1021 2941 1046 2982 et
1055 2950 1096 2984 eu·

145 3013 186 3056 :tat
210 3007 235 3056 in
256 3009 341 3058 uostris
362 3009 499 3067 (lodicibus,
521 3019 547 3060 et
596 3008 680 3075 perflui
697 3007 755 3058 sint.
789 3008 819 3057 In
833 3024 881 3074 quo
898 3006 956 3055 mibi
975 3022 1045 3056 secus
1059 3009 1094 3056 vi·

145 3095 187 3129 um
205 3083 308 3132 servavit
329 3083 422 3149 Gimg.
464 3084 546 3142 Feros,
596 3083 677 3132 detur:
694 3083 754 3133 niet
763 3083 827 3133 euim
839 3083 905 3131 Nasu
920 3090 998 3129 noster
1007 3081 1095 3147 passim

145 3155 288 3214 m31ivius,
305 3157 370 3206 xxvi.
386 3159 428 3207 26.
445 3160 547 3206 comtes
596 3156 688 3221 aliquid
714 3171 837 3222 aspergere
871 3155 901 3202 dc
929 3161 1020 3203 mutato
1050 3169 1096 3204 usu

145 3232 249 3287 eunio,
272 3233 331 3280 viror
351 3249 414 3280 aeret
436 3231 504 3281 nimie
523 3244 546 3281 et
597 3230 680 3279 virium
691 3240 716 3280 et
726 3231 840 3278 virtutum
852 3226 973 3276 hominum
982 3227 1095 3283 nudor.

145 3321 147 3349 t
169 3303 303 3361 Sallustius,
320 3307 378 3369 Jug.
395 3321 436 3354 xx.
454 3306 546 3368 21ρο
595 3312 720 3353 matorum.
749 3301 842 3351 Mansit
851 3302 916 3351 fratri
927 3302 1049 3367 ingenium
1059 3304 1095 3352 te·

145 3378 260 3436 uum,
286 3379 402 3436 Velleius,
424 3380 447 3427 Ι.
468 3379 503 3428 iii.
521 3381 544 3430 1.
595 3393 644 3427 τοι.
677 3378 775 3443 dgitm
802 3378 900 3426 verbnm
926 3377 1047 3442 proprium
1063 3378 1095 3427 de

145 3452 173 3500 ii.
196 3452 356 3510 Vtedebello,
367 3453 429 3502 utin
440 3454 489 3511 illo,
501 3459 546 3504 cim
597 3450 747 3501 venatoribtu
764 3458 789 3501 et
810 3452 894 3500 avibus
913 3450 1039 3515 rapacibus
1046 3469 1054 3511 ς
1071 3467 1095 3501 v.

146 3523 234 3585 alicui,
256 3526 304 3576 vid
320 3527 391 3576 Corte
407 3527 439 3575 nd
455 3528 546 3578 Sallus·
595 3527 653 3576 606.
675 3525 708 3574 Ut
728 3528 782 3575 tolet
800 3522 909 3589 accipiter
927 3527 1025 3588 trepidus
1042 3528 1093 3590 agi·

145 3598 300 3648 neuma
335 3601 383 3654 Qui
395 3611 460 3649 uocet
471 3604 545 3650 Aaro-
597 3602 776 3650 torocolumbut.

145 3680 314 3739 posteaquem
323 3675 429 3740 sequitur
437 3675 527 3725 Aurora
536 3695 544 3737 ;
627 3674 684 3723 001.
702 3674 808 3737 ctiam]
828 3673 916 3722 Confer
930 3671 1035 3722 tabulam
1046 3672 1095 3720 200

145 3748 242 3805 1,1.i1.
256 3749 298 3797 62.
312 3759 364 3797 reta
379 3749 484 3814 huffen
492 3767 545 3812 pro·
596 3746 695 3811 Hygini,
703 3747 745 3811 qni
757 3746 825 3796 addit
835 3746 901 3794 illum
912 3746 943 3794 ab
955 3745 1009 3794 aliis
1018 3743 1094 3810 poetis

146 3831 184 3869 rte
200 3824 276 3880 diem
302 3822 426 3886 Virgilius,
445 3825 503 3873 AEn.
520 3823 546 3874 ii.
597 3820 736 3870 Philonides
752 3819 846 3870 vocari:
865 3818 937 3868 etsie
956 3835 1009 3868 eam
1023 3825 1094 3866 vocat

145 3895 286 3944 sciterdaeit
296 3899 363 3945 dian.
384 3897 448 3946 Hinc
459 3913 545 3947 nomen
595 3896 747 3962 Pherecydes
767 3894 830 3961 apud
846 3894 927 3943 Scbcl.
944 3892 1041 3941 Homeri
1060 3891 1091 3938 ad

145 3971 164 4018 i.
186 3969 233 4017 Sed
244 3969 302 4034 quia
311 3969 375 4019 idem
384 3971 462 4019 Solem
474 3972 545 4020 inter·
596 3969 645 4019 Od.
654 3973 752 4019 ’1.402.

145 4043 376 4108 quitur,bincetiam
389 4045 495 4111 Noctifer
504 4060 544 4093 vo-
628 4045 685 4093 305.
704 4044 801 4091 Tinxere
817 4044 921 4095 cubem,
939 4047 965 4086 ut
986 4038 1017 4084 iv.
1034 4037 1091 4084 079.

155 4117 254 4167 Catullo
267 4118 347 4168 Carm.
359 4120 399 4168 03.
435 4120 545 4184 coloque,
597 4121 669 4166 trulit
679 4120 764 4166 lasciue
774 4121 850 4180 ignea:
868 4113 921 4162 vide
933 4111 964 4159 ad
974 4125 998 4158 x.
1009 4111 1066 4158 594.

145 4190 197 4240 cii.
212 4193 267 4241 115.
