2774 5004
344 107 815 175 METAMORPHOSEON
840 110 931 177 LlB.
955 110 1057 176 XIV.
1157 115 1221 179 tol

168 277 346 352 Acmona
360 280 603 378 corripimus:
633 281 694 354 cni
712 283 937 379 respondere
950 287 1098 383 paranti

166 392 257 466 Vox
274 395 427 491 pariter,
441 396 622 492 vocisque
640 396 699 468 via
716 407 775 469 est
791 407 964 489 tenuetu;
995 425 1192 499 comaeque

169 506 216 580 In
234 509 384 606 plumas
402 512 556 596 abeunt,
575 512 713 608 plumis
733 534 828 585 nove
845 513 942 586 colla
960 526 1151 611 teguntur,

170 622 424 722 Pectoraque,
444 637 483 699 et
500 638 669 721 tergum:
700 628 860 722 majores
877 628 1032 702 brachia
1049 655 1195 727 pennas

167 739 386 837 Accipiunt,
406 742 602 839 cubitique
620 743 721 816 leves
741 743 937 816 sinuantur
954 745 992 816 in
1011 746 1112 820 alas:
1145 752 1214 820 501

170 853 317 951 Magna
333 857 475 952 pedum
488 858 627 952 digitos
641 882 727 955 pars
746 869 924 956 occupat;
945 883 1085 955 oraque
1102 884 1219 933 cornu

170 968 356 1044 lndurata
372 973 506 1067 rigent,
525 972 714 1068 finemque
733 976 771 1046 in
789 976 960 1048 acumine
979 986 1135 1071 ponunt.

168 1084 283 1160 Hunc
305 1087 443 1184 Lycus,
462 1089 562 1161 hunc
583 1087 683 1173 Idas,
703 1099 742 1161 et
764 1114 851 1162 cum
872 1090 1088 1165 Rethenore
1107 1089 1144 1162 N
1146 1115 1212 1188 yc-

321 1212 418 1287 teus,

170 1315 285 1391 Hunc
300 1319 585 1408 miraturAbas;
606 1321 745 1393 etdum
758 1322 1116 1407 mirantur,eandem
1143 1326 1216 1395 505

168 1431 377 1531 Accipiunt
394 1433 550 1508 faciem:
580 1458 833 1532 numerusque
851 1459 901 1508 ex
919 1437 1068 1531 agmine
1088 1438 1206 1532 major

169 1547 367 1635 Subvolat,
387 1559 425 1622 et
443 1573 564 1622 remos
584 1550 726 1648 plausis
743 1550 995 1624 circumsonat
1012 1553 1095 1625 alis.

169 1663 210 1734 Si
229 1664 425 1735 volucrum
439 1687 525 1759 quae
543 1665 593 1736 sit
611 1664 819 1737 subitarum
837 1665 956 1738 forma
974 1668 1154 1764 requiris;

169 1777 224 1851 Ut
239 1802 316 1851 non
334 1803 550 1876 cycnorum,
570 1780 624 1853 sic
644 1780 738 1853 albis
758 1780 930 1877 proxima
947 1782 1092 1880 cycnis.

196 1943 255 1991 497.
273 1941 415 2003 Καροηάινι
427 1943 545 2005 paranti]
567 1942 666 1991 Plurimi
716 1958 780 2006 gere,
796 1943 963 2008 explicatoque
982 1943 1026 1993 hoc
1045 1943 1127 1992 modo:
1156 1945 1219 1994 hunc

163 2015 409 2080 (etBegiicodices)
426 2020 556 2078 resporidsre
570 2020 665 2065 uolenti.
717 2017 813 2065 miretur
835 2017 923 2080 Lycus,
943 2018 1006 2065 hunc
1035 2021 1132 2067 miretur
1152 2018 1218 2073 Idu,

167 2090 212 2138 Vc:
229 2092 327 2151 puriter,
341 2093 449 2153 uocisque,
463 2099 510 2139 etc.
544 2090 666 2155 Virgilius,
717 2086 858 2136 huncAbss
868 2089 973 2136 miratur.
1007 2090 1077 2138 Unde
1092 2090 1216 2139 lectionem

164 2180 214 2212 ver.
226 2165 285 2212 272.
295 2163 410 2212 breuiter:
427 2164 515 2212 “Socii
528 2163 607 2212 amissi
624 2179 665 2228 pe-
715 2161 824 2209 codicum
831 2161 1217 2218 revocavimus.Lsu.Quismodo

162 2236 254 2286 tieruut
264 2236 354 2285 ethere
367 2239 458 2303 pennis,
470 2238 666 2302 Fluminibusque
716 2234 834 2298 weceuit
850 2251 937 2295 pennus
951 2237 1075 2294 accipiunt,
1091 2244 1216 2300 propterea

164 2319 284 2374 reguntur
294 2326 358 2365 sves,
369 2309 415 2358 heu
425 2310 478 2359 dire
488 2325 593 2358 meorum
603 2311 664 2374 Sup·
717 2307 801 2354 Burin.
820 2323 875 2355 curn
895 2307 970 2356 tribus
988 2307 1077 2371 legeret
1097 2318 1218 2356 eraserunt

164 2382 253 2447 plicia!
272 2392 294 2431 et
307 2383 416 2447 scopulos
428 2384 560 2432 lacrimosis
571 2383 667 2431 vocibus
708 2382 808 2444 facim
820 2390 846 2429 ut
864 2381 880 2429 i.
891 2383 953 2440 412;
971 2398 1032 2430 unus
1044 2381 1137 2431 Heinsii
1154 2400 1216 2432 umi-

162 2454 291 2520 implent.”
323 2457 385 2506 Cum
397 2467 474 2506 nostro
485 2458 538 2506 loco
550 2458 630 2506 confer
640 2457 665 2506 ii.
716 2457 758 2501 rsit
760 2455 858 2517 sociem,
870 2465 896 2503 ut
906 2454 947 2502 xii.
960 2457 981 2502 l.

166 2530 225 2577 373.
236 2529 278 2578 ubi
289 2538 315 2578 et
325 2547 366 2577 voe
376 2540 482 2578 tenuata.
749 2530 805 2577 508.
819 2529 942 2576 Volucrum
949 2529 1098 2592 subiturum]
1116 2528 1218 2579 Codices

196 2604 256 2650 501.
279 2603 377 2650 Sinuori
394 2602 512 2666 exquisite
527 2603 559 2651 de
576 2603 666 2651 derum
717 2602 798 2666 Regii,
806 2611 832 2650 ut
840 2602 943 2667 plurimi,
953 2604 1069 2650 volucrum
1078 2605 1216 2663 dubiarum

162 2685 300 2724 cerretum.
335 2677 413 2724 &mu
439 2679 551 2725 indurare
577 2680 663 2740 rigent,
716 2675 761 2723 hoc
776 2676 837 2724 bene
853 2676 940 2722 refutet
951 2675 1072 2731 Heinsius,
1083 2692 1157 2740 quum
1167 2677 1216 2726 Ve-

165 2749 226 2797 fiunt
242 2765 339 2798 cornea.
372 2750 418 2798 Sed
436 2751 514 2815 posuit
528 2751 665 2806 duoverba,
717 2749 772 2795 nulo
793 2748 848 2796 illus
869 2763 933 2802 ures,
953 2749 1060 2812 quemvis
1080 2749 1149 2813 cycni
1170 2766 1217 2799 non

164 2823 349 2886 quibusnsturs
359 2838 432 2872 cornu
445 2824 592 2888 exprimitur.
626 2825 666 2871 Fi·
716 2832 804 2877 essent,
817 2837 944 2886 cycnorum
963 2831 1044 2870 tamen
1061 2822 1217 2871 albitudinern

164 2913 217 2943 sm
233 2899 261 2943 is
276 2899 382 2943 scutrum
397 2906 496 2957 porrum,
513 2895 625 2944 desinunt
642 2895 666 2944 in
716 2895 801 2943 referre
820 2895 946 2958 ignoranti,
963 2898 1056 2943 dulium
1075 2895 1141 2943 nesci
1159 2912 1217 2944 nou-

166 2984 279 3017 ecumen.
717 2968 773 3016 dum
790 2977 906 3033 potuerat.
939 2968 1018 3016 Etiam
1029 2967 1215 3032 Lycophr.d.l.

197 3043 255 3091 505.
273 3042 345 3091 Hunc
358 3047 458 3090 miratur
469 3046 528 3090 Abos
539 3041 610 3104 liegii
625 3058 666 3090 co·
720 3041 762 3089 hus
780 3057 836 3090 eves
855 3040 1007 3096 Diomedeas,
1018 3041 1128 3089 auctibus
1144 3043 1216 3107 poulo

164 3115 233 3164 dices
252 3115 351 3172 hebent,
370 3127 396 3164 ut
414 3132 495 3165 omnes
513 3116 562 3172 alii,
582 3125 667 3179 preter
718 3114 844 3179 ampliores
853 3113 963 3177 diemque
978 3106 1216 3178 piscendoinrnedio

162 3189 295 3238 secundum
304 3189 416 3237 Veticen.
424 3198 449 3237 ct
458 3191 477 3236 F
478 3189 566 3236 rancol.
572 3203 600 3236 ex
612 3189 665 3251 qui·
715 3188 799 3250 pelago
816 3185 945 3250 erigentes,
957 3202 1014 3234 curn
1025 3188 1107 3251 cycnis
1120 3203 1217 3253 comps·

163 3264 210 3312 bus
225 3262 338 3310 Heinsius
351 3264 557 3326 Burmennusque,
573 3270 597 3310 et
613 3271 666 3326 post
715 3269 766 3318 rat,
784 3259 876 3307 Plinius
886 3275 950 3317 vero,
962 3277 986 3308 r.
997 3262 1037 3308 ⁴4.
1049 3261 1174 3309 lulicsrum
1186 3259 1218 3309 si·

163 3351 205 3384 eos
224 3335 352 3398 Gierigius,
371 3336 433 3383 mele
454 3335 578 3382 ediderant
594 3334 666 3382 Hunc
715 3333 784 3381 miles
800 3348 852 3381 esse
868 3332 980 3397 judicat3
996 3334 1129 3383 referuntur
1146 3334 1217 3382 hodie

163 3412 284 3456 mirantur
301 3411 369 3463 Ades,
387 3417 414 3457 ut
433 3407 494 3456 illud
516 3408 613 3455 verbum
634 3406 664 3454 ed
715 3405 776 3453 iuter
790 3421 887 3454 ensem
905 3407 1069 3469 procellnrios:
1096 3416 1217 3456 versentur

163 3482 324 3547 precedentis
339 3481 435 3530 nomine
448 3481 519 3529 simul
534 3480 665 3535 referretur,
712 3478 782 3541 juste
808 3478 897 3526 insulas
923 3479 1078 3534 Diomedeas,
1100 3479 1214 3544 Apulism

161 3556 226 3605 sicut
250 3554 375 3603 referende
399 3565 454 3603 sunt
475 3554 522 3602 duo
543 3552 667 3618 sequentis
716 3562 813 3611 contra,
830 3552 922 3599 Plinius
938 3553 963 3599 d.
977 3554 994 3600 l.
1007 3561 1022 3581 ‘⁸
1036 3553 1125 3601 AEdem
1141 3552 1214 3614 (Dio-

163 3631 237 3678 verbs
252 3632 534 3690 mirantur-occipiunt:
553 3628 595 3676 sed
612 3642 663 3674 ms·
712 3626 794 3685 medis)
804 3625 909 3689 quotidie
926 3626 994 3688 pleno
1005 3635 1099 3689 gutture
1116 3623 1213 3669 mederi·

161 3703 251 3751 luimus
264 3717 321 3750 cnm
332 3703 404 3750 Alete
418 3710 510 3750 tuntum
521 3700 664 3763 conjungere
713 3699 776 3746 tibus
783 3699 867 3763 pennis
875 3699 984 3762 perluunt
992 3709 1064 3761 atque
1072 3695 1211 3759 purificent:

160 3777 261 3824 verbum
286 3773 351 3838 quod
376 3775 507 3838 proximum
536 3771 664 3826 antecedit,
714 3770 777 3818 unde
788 3771 852 3831 origo
860 3770 956 3824 lahulre,
967 3768 1089 3817 Diomedis
1100 3766 1176 3813 socios
1188 3764 1212 3813 iu

162 3848 276 3912 idemque
295 3847 394 3897 verbum
415 3863 470 3896 curn
492 3846 591 3910 singulis
612 3844 665 3893 eliis
713 3859 794 3891 esrum
804 3843 894 3905 effigies
902 3842 1028 3889 mutatos.’'

162 3919 356 3987 precedentibus
380 3921 513 3969 nominibus
534 3916 666 3966 subintelli-

197 3996 274 4044 i'OL.
287 3993 333 4042 lV.
816 3990 831 4032 3
843 3988 860 4034 l'
