2774 5004
152 319 219 388 lus
293 423 295 427 ι
450 315 492 385 Ρ.
514 313 679 385 ovmn
702 310 938 387 Nasoms·
1012 316 1017 325 ’

153 491 357 568 Lacteutes
373 491 520 579 vitulos,
541 491 878 581 Amathusiacasve
894 489 1099 567 bidentes:

152 606 304 706 Hospes
321 616 405 682 erat
420 631 566 683 caesus:
595 608 712 682 sacris
730 606 877 682 offenso
892 605 1083 693 nefandis,

148 721 241 822 Ipsa
258 745 346 795 suas
363 721 488 807 urbes,
505 721 768 820 Ophiusiaque
785 745 873 796 arva
891 723 1054 820 parabat
1073 723 1199 818 [urbes

152 836 338 912 Deserere
361 838 460 912 alma
472 837 600 910 Venus
618 864 627 912 ε
658 837 736 912 Sed
757 838 849 934 quid
873 839 957 911 loca
978 849 1101 934 grata,
1113 838 1198 935 quid

150 953 497 1029 Peccaueremeoei
521 956 623 1051 quod
641 954 797 1041 crimen,
811 954 921 1040 dixit,
934 953 972 1026 in
986 953 1085 1026 illisi
1129 957 1193 1027 231

152 1069 277 1145 Exilio
294 1095 444 1170 poenam
463 1071 588 1168 potius
607 1095 701 1167 gens
720 1071 837 1169 impia
852 1071 1010 1169 pendat,

150 1185 222 1261 Vel
237 1210 353 1275 nece;
375 1187 435 1260 vel
449 1187 480 1259 si
496 1186 588 1282 quid
601 1187 768 1261 medium
783 1186 991 1283 mortisque
1004 1185 1196 1284 fugaeque3

147 1300 272 1399 idque
291 1302 481 1400 quidesse
498 1312 637 1400 potest,
655 1302 727 1375 nisi
742 1325 859 1375 versae
877 1325 992 1401 poena
1008 1301 1166 1398 figurael

151 1415 252 1490 Dum
263 1417 426 1505 dubitat,
441 1442 519 1515 quo
531 1428 654 1492 mutet
664 1443 742 1504 cos,
757 1419 805 1491 ad
816 1441 956 1492 cornua
966 1418 1116 1491 vultum
1130 1419 1198 1491 235

150 1532 296 1607 Fleuit:
326 1546 366 1607 et
384 1533 577 1608 admonita
594 1543 654 1608 est
671 1534 752 1607 haeo
767 1534 839 1606 illis
858 1556 970 1631 posse
988 1533 1174 1630 relinqui;

149 1651 394 1747 Grandiaque
402 1652 569 1724 intorvos
578 1650 817 1726 transformat
825 1650 996 1723 membro
1001 1651 1196 1747 juvencos.

150 1765 248 1839 Sunt
265 1781 393 1840 tamen
412 1767 587 1839 obscenae
607 1767 795 1841 Venerem
814 1765 1054 1864 Propoetides
1076 1789 1177 1838 ausae

148 1878 246 1954 Esse
264 1904 401 1977 negare
422 1881 564 1955 Deam:
594 1905 754 1979 proquo
774 1905 843 1954 sua
863 1875 1027 1954 numinis
1045 1879 1103 1954 ira

150 1995 321 2094 Corpora
338 2020 425 2068 cum
443 1996 560 2070 forma
578 1997 707 2096 primae
719 1998 897 2094 vulgisse
915 1996 1109 2086 seruntur;
1128 1999 1199 2070 240

152 2108 282 2208 thue
300 2112 421 2210 pudor
438 2112 566 2199 cessit,
586 2113 816 2211 sanguisque
835 2111 1000 2185 induruit
1018 2110 1108 2198 orie,

151 2222 196 2297 Iu
215 2225 377 2322 rigidum
394 2250 507 2325 parvo
526 2226 670 2300 silicem
688 2227 903 2301 discrimine
919 2250 1052 2300 versae.
1127 2228 1198 2324 [tes

190 2339 260 2415 VI.
272 2340 376 2427 Quas
387 2343 477 2441 quia
486 2343 712 2441 Pygmalion
721 2367 841 2418 aevum
854 2367 922 2442 per
932 2342 1075 2415 crimen
1086 2365 1198 2438 agen·

180 2531 237 2580 229.
256 2530 308 2593 ipsa
322 2529 475 2592 sussurim]
512 2529 595 2578 Venus
606 2545 648 2594 per
697 2528 810 2593 explicat,
825 2527 919 2593 impias.
956 2525 1065 2574 Numinis
1081 2525 1200 2582 ὑπάτω

146 2619 230 2654 munes
249 2605 322 2670 Cypri
341 2607 408 2653 orbes
427 2604 516 2668 templa
536 2603 649 2660 hobebst,
698 2604 782 2653 Venus
797 2600 906 2650 incitavit
919 2599 944 2649 in
959 2607 1051 2648 tantam
1067 2599 1198 2656 libidinem,

147 2678 228 2744 ibique
240 2678 355 2745 imprimis
362 2679 493 2728 colebatur.
511 2677 574 2727 Hinc
587 2679 650 2726 Diuo
696 2689 724 2725 ut
734 2685 780 2726 etc.
800 2678 901 2736 Corpora
911 2678 1083 2739 vulgavitque
1094 2673 1199 2724 omniunt

145 2763 223 2814 poteris
235 2755 310 2816 Cypri
318 2754 402 2801 Horat.
411 2755 432 2802 1.
443 2752 533 2801 ouili.
543 2754 564 2800 l.
578 2753 648 2814 opii-
698 2750 793 2799 libidini
804 2759 901 2814 patent;
911 2747 1015 2812 smmum
1026 2747 1136 2811 urdgout,
1147 2761 1199 2812 qun

147 2831 197 2875 usia
208 2828 266 2874 olim
277 2827 343 2876 dicta
354 2827 447 2892 Cyprus
462 2826 492 2874 ob
504 2825 648 2891 serpentium
698 2819 1033 2886 lormn,scil.pulchritudinis
1040 2835 1090 2867 suar
1097 2819 1199 2868 fructum

147 2901 336 2949 multitudinem.
375 2901 433 2949 vid.
462 2900 591 2965 Spsulrem.
618 2900 649 2948 ad
699 2898 807 2946 omnibus
825 2895 956 2960 promiscue
973 2893 1120 2943 concedunt.
1153 2893 1200 2942 Sed

148 2974 270 3039 Aristoph.
289 2975 354 3022 Plut.
376 2992 401 3039 p.
421 2976 478 3021 717.
511 2975 648 3022 Burmanno
699 2972 849 3020 Burmannus
862 2968 939 3026 malit,
951 2984 1044 3028 corporo
1060 2968 1200 3032 catafasis,

148 3055 229 3098 autem
248 3063 330 3112 parum
348 3048 427 3112 placet
447 3047 545 3109 vulgata
561 3047 648 3095 lectio:
699 3053 726 3093 ut
746 3061 793 3093 non
812 3044 875 3092 clam
899 3058 940 3090 eas
957 3041 1050 3096 coiisse,
1063 3056 1144 3105 neque
1164 3041 1198 3090 lu-

147 3121 169 3168 is
185 3121 258 3185 igitur
274 3121 311 3169 vel
327 3137 381 3170 cum
397 3137 445 3169 uno
459 3122 504 3168 ΜΒ
518 3121 583 3183 legit,
596 3120 650 3181 ipsa
698 3133 762 3166 mam
788 3117 929 3183 pudicarum
958 3114 1083 3164 affectisse
1109 3114 1201 3178 signifi·

147 3211 200 3242 anas
219 3198 279 3244 sedes
297 3198 367 3257 (narn
388 3198 448 3244 sedes
466 3195 572 3242 Deorum
594 3203 650 3241 sunt
699 3201 773 3240 cetur.
800 3192 904 3240 Omnino
916 3188 1010 3253 Cyprio
1026 3187 1202 3253 mulierespm

150 3269 212 3324 loca,
220 3269 261 3317 ubi
270 3268 392 3330 coluntur)
401 3269 448 3325 vel,
459 3268 512 3330 ipso
523 3284 575 3316 suot
586 3270 650 3318 «ἀει,
700 3265 774 3314 clives
787 3264 811 3312 in
823 3265 941 3312 Venerem
957 3261 1028 3310 fuisse
1041 3260 1163 3319 videntur,
1177 3271 1202 3310 et

150 3342 231 3391 Causa
241 3341 383 3392 emendandi
398 3343 442 3391 iuit
453 3342 513 3398 baec,
524 3340 582 3407 quia
595 3357 649 3389 mox
698 3347 817 3403 questum
830 3336 933 3402 corporis
943 3335 1041 3384 lecisset
1061 3333 1110 3382 vid.
1125 3335 1203 3384 Justi·

147 3432 198 3480 seq.
214 3419 270 3478 quid
283 3419 357 3473 urbes,
373 3433 426 3481 quas
443 3415 550 3482 repetitio
563 3416 585 3463 ei
603 3432 650 3464 non
699 3428 752 3467 nus,
763 3411 806 3460 lib.
818 3411 885 3459 xviii.
897 3426 950 3475 cap.
960 3413 987 3459 5.

148 3490 236 3555 plicet,
253 3490 310 3554 quia
328 3498 385 3537 tunc
403 3501 428 3540 et
446 3507 502 3538 aruo
521 3488 650 3552 repetenda
731 3487 788 3534 241.
815 3485 889 3548 thue
906 3487 982 3546 pudor
1001 3482 1087 3545 cessit]
1118 3484 1202 3548 impu·

147 3573 234 3618 essent,
251 3578 326 3627 quum
344 3577 406 3610 nunc
422 3565 471 3611 iore
487 3572 557 3626 gruta
575 3560 649 3618 dicat,
699 3560 820 3617 dentibus,
837 3559 894 3623 quia
909 3573 1031 3623 nunquam
1047 3559 1202 3614 crubescunt,

148 3652 202 3700 quae
214 3645 263 3684 tarn
274 3636 371 3700 templu,
383 3651 456 3700 quarn
467 3637 537 3684 urbes
548 3643 572 3682 et
583 3650 649 3693 arva,
699 3634 767 3690 durs,
775 3634 911 3696 exsanguis,
919 3633 1070 3688 ierreairons,
1079 3646 1202 3695 exsangue

148 3718 229 3758 notsre
248 3718 356 3773 possunt.
389 3709 451 3773 Ergo
470 3724 523 3756 vero
539 3707 649 3772 iniquum
698 3724 734 3764 os,
746 3718 794 3757 etc.
806 3708 934 3766 tribuitur;
951 3704 1149 3770 Pliniuspsneg.
1159 3708 1201 3754 35.

147 3799 199 3832 asse
215 3784 322 3839 arbitror,
337 3793 460 3847 poetarum
475 3783 529 3831 loca
544 3782 574 3831 ud
589 3783 649 3830 tales
699 3783 764 3831 Hinc
778 3782 848 3831 facilc
865 3782 910 3830 luit
924 3781 1072 3844 figmentum,
1088 3779 1203 3828 mulieres

149 3857 215 3922 leges
226 3856 330 3920 exigere.
699 3855 832 3921 impudicas
843 3855 961 3904 transiisse
971 3854 996 3902 in
1007 3852 1096 3902 silices.
1125 3854 1203 3901 Porus

180 3933 237 3981 233.
250 3930 447 3996 Ραςα,εκὶ11ιιωε
464 3933 562 3979 medium
572 3933 649 3980 mortis
699 3932 915 3992 discriminemus,
948 3929 1025 3992 Supra
1035 3926 1068 3974 ri.
1080 3926 1121 3974 62.
1135 3928 1203 3988 parui

141 4007 262 4072 fugaque,
274 4004 369 4054 vidend
380 4020 429 4053 ver.
441 4006 495 4052 1⁷4.
699 4007 838 4053 discriminis
848 4006 939 4051 umbra.
957 4001 1072 4050 induruit
1080 4000 1118 4048 sic
1128 3999 1203 4049 otiam

181 4082 240 4129 238.
260 4081 378 4135 Obscum,
391 4078 449 4143 quia
459 4088 541 4143 postea
552 4094 649 4143 corpora
700 4088 736 4127 est
747 4077 779 4126 iv.
790 4079 846 4125 749.
857 4087 882 4125 et
893 4075 1013 4124 multoties
1023 4073 1090 4122 alibi.

149 4154 284 4218 vulgsmot.
317 4153 401 4205 Barth.
419 4152 520 4204 Advers.
538 4153 588 4203 viii.
610 4155 648 4203 17.
731 4153 871 4202 stu-297.
895 4151 1053 4216 Pygmalionis
1067 4157 1147 4199 mua
1165 4146 1201 4195 vi·
