2774 5004
146 310 616 381 fflfflouruosuorr
640 311 733 379 mu.
753 310 845 379 XII.
951 317 1018 385 w

145 508 191 561 us
202 486 409 563 exclamat:
429 495 454 525 “
465 485 627 585 populus
640 490 863 584 superamur
871 488 920 563 ab
931 512 1019 580 uno,

145 601 240 677 viro:
267 625 485 699 quanquam
504 601 568 676 ille
585 601 640 674 vir
657 614 734 690 est;
754 627 824 679 nos
841 605 1022 701 segnibus

145 716 232 802 etis,
827 721 1024 818 [prosuntl

145 832 188 904 rit
221 831 297 917 ille,
328 856 481 906 sumus:
525 832 617 929 quid
647 833 817 907 membra
845 834 1024 912 immania

145 945 251 1021 minae
266 948 390 1021 vires?
418 947 523 1044 quid,
543 949 645 1046 quod
665 948 868 1024 fortissima
885 974 1010 1027 rerum

145 1110 148 1127 .
164 1062 307 1160 duplex
322 1072 455 1136 natura
472 1061 648 1136 animalia
656 1063 808 1160 junxit?

162 1188 280 1251 matre
298 1176 393 1263 Dea,
412 1201 483 1250 nec
502 1201 570 1250 nos
590 1176 722 1250 Ixione
739 1188 849 1250 natos

145 1315 191 1380 rr3
219 1293 285 1388 qui
303 1303 429 1365 tantus
447 1303 539 1376 erat,
558 1292 581 1363 J
586 1292 718 1365 unonis
732 1303 774 1365 ut
790 1293 876 1365 altae
944 1296 1020 1368 505

145 1418 282 1504 speret:
303 1432 372 1479 nos
387 1406 576 1480 semimari
594 1429 815 1503 superamur
832 1407 880 1481 ab
898 1407 1020 1483 hoste.

145 1524 307 1619 ubesque
324 1546 450 1620 super,
463 1534 640 1619 totosque
658 1522 833 1597 involvite
851 1534 1018 1614 montes3

145 1661 230 1735 ique
249 1638 410 1710 animam
429 1637 554 1710 missis
568 1637 696 1711 elidite
712 1638 829 1711 silvis.

145 1761 241 1826 emat
256 1751 407 1825 fauces:
436 1762 475 1827 et
488 1752 560 1825 erit
576 1775 644 1848 pro
661 1753 814 1827 vulnere
831 1750 1019 1850 pondus?

145 1878 177 1940 et
194 1866 315 1940 insani
332 1868 519 1963 dejectam
536 1866 677 1938 viribus
694 1865 823 1940 Austri
948 1870 1023 1941 510

145 1983 251 2056 abem
271 1992 416 2067 nactus,
435 1980 601 2053 validum
618 1981 781 2077 conjecit
797 1979 836 2053 in
854 1982 1020 2058 hostem:

145 2120 281 2195 umque
299 2097 389 2170 suit:
419 2120 608 2194 parvoque
627 2097 665 2170 in
682 2108 852 2194 ternpore
869 2099 993 2172 nudus

151 2212 295 2311 Othrys
314 2222 405 2297 erat,
424 2236 494 2285 nec
512 2211 679 2285 habebat
696 2210 828 2284 Pelion
847 2213 1011 2287 umbras.

161 2329 312 2402 immani
329 2328 493 2413 cumulo,
513 2329 584 2400 sub
602 2326 768 2425 pondere
787 2326 952 2401 Gaeneus

145 2445 310 2529 arboreo,
330 2451 588 2539 congestaque
606 2442 740 2515 robora
755 2441 859 2513 duris
948 2445 1022 2515 515

145 2641 225 2703 yellus,
243 2639 398 2705 μονώνυχος,
417 2636 472 2689 soli·
522 2635 616 2701 copiose
630 2645 653 2685 et
667 2652 710 2686 suo
725 2652 788 2685 more
804 2653 916 2685 exornare
930 2636 1023 2702 incipit,

145 2722 264 2773 rutaurus3
288 2715 317 2762 de
335 2731 381 2778 quo
398 2715 472 2764 Juve-
523 2711 587 2776 quod
605 2711 729 2776 scriptores
745 2709 777 2759 ad
794 2726 842 2760 ver.
860 2711 916 2760 146.
930 2708 1023 2760 laudati

145 2806 168 2839 ns
190 2792 316 2852 joculatur
345 2789 472 2851 Monychus
523 2785 624 2834 breviter
638 2784 746 2841 tradunt,
766 2783 886 2848 congestis
901 2783 1023 2837 arboribus

522 2859 672 2908 intersectum
693 2857 789 2907 Canen.
825 2858 927 2915 Census,
945 2859 1024 2926 inquit

145 2937 261 2991 bustris.
270 2935 380 2999 segnitie.
415 2936 472 2983 For·
523 2932 684 2998 Palaephatus,
695 2940 746 2982 snt
757 2932 792 2980 vir
801 2932 865 2981 bollo
880 2942 988 2984 strenuus
998 2942 1023 2983 et

144 3025 189 3072 nge
200 3024 254 3057 cum
268 3012 387 3057 arrimolt'o.
423 3010 472 3057 Na·
524 3021 610 3070 pugna
622 3007 713 3055 sciens:
730 3005 834 3071 isquam
850 3007 875 3056 iu
891 3007 971 3056 multis
982 3024 1023 3055 va·

145 3087 220 3142 r'unrit
238 3085 358 3140 animalia,
369 3099 410 3148 pro
423 3084 474 3131 ani·
524 3079 610 3142 riisque
628 3080 699 3128 bellis
715 3089 820 3128 versatus
838 3077 928 3137 luisset,
945 3097 1022 3146 nequo

145 3158 163 3207 is
178 3166 268 3205 aarum
282 3158 434 3221 junctarum
450 3156 474 3206 in
523 3152 661 3202 vulneratus
672 3167 787 3217 unquam,
795 3167 850 3201 curn
860 3153 968 3217 Lapithis
979 3154 1022 3202 sli-

145 3248 173 3279 urr
188 3230 222 3279 sic
239 3230 389 3295 superlativis
406 3229 474 3281 addr-
524 3226 1022 3293 quandopugnans‚a0entaurisintertsp·

145 3305 292 3360 umerorum,
303 3313 349 3351 etc.
524 3310 570 3356 tus,
581 3299 675 3348 illorum
692 3298 843 3349 multitudiue
860 3298 958 3350 obrutus
972 3309 1021 3351 est:

145 3413 148 3431 .
160 3392 261 3440 magna,
270 3376 409 3425 auctoritate
418 3376 473 3425 Vir·
524 3375 592 3438 cujus
603 3389 687 3439 corpus
697 3373 738 3422 ubi
750 3371 815 3421 nullo
825 3374 922 3423 vulnere
931 3375 1023 3424 consos-

145 3467 194 3500 uem
206 3454 267 3499 altus
275 3451 365 3511 Apollo,
378 3452 435 3499 AEn.
447 3468 472 3498 x.
523 3463 577 3497 sum
592 3445 748 3495 advertissent
762 3445 884 3503 Centauri,
895 3448 925 3495 ab
941 3447 970 3497 iis
986 3447 1022 3496 in-

145 3524 247 3585 Jupiter,
264 3525 298 3572 xi.
317 3525 375 3573 ⁷26.
408 3526 474 3585 Spem
523 3520 679 3571 vulnerabilis
689 3531 725 3571 est
735 3520 893 3571 existimatus.
925 3513 929 3520 ¹

145 3598 408 3662 lteretmodeste,speur
418 3615 474 3647 con·
556 3597 613 3646 512.
636 3595 770 3658 Eamplum
782 3595 964 3661 jirit‚exemplo
982 3611 1025 3645 suo

145 3673 275 3721 mJunone.
297 3673 368 3730 Quod
376 3688 473 3722 summa
523 3668 615 3735 pusivit
636 3668 735 3718 cauria
768 3670 827 3717 Mox
851 3668 956 3734 loquitur
980 3668 1023 3726 ita,

145 3745 294 3813 impudentia
312 3755 371 3801 erat,
382 3745 407 3794 iu
424 3746 473 3795 cal·
524 3751 646 3806 tamquam
657 3750 681 3790 et
693 3742 778 3806 Othrys
793 3750 817 3790 et
828 3742 910 3790 Pallon
924 3740 1024 3807 proximi

157 3820 255 3870 laudem
267 3819 394 3884 patrissui.
427 3821 474 3869 Sed
525 3815 611 3867 luerint
620 3815 718 3864 Pirithoi
728 3816 807 3879 regia.
836 3816 1024 3870 il'udusurbors's,

145 3910 179 3941 rm
193 3905 302 3943 serram
319 3895 368 3942 Deo
384 3894 474 3943 editum
526 3890 604 3939 nudus
621 3889 751 3939 arboribus.
787 3889 864 3937 Parra
884 3891 1025 3947 intempore

145 3975 257 4032 uaptum
272 3968 327 4017 huie
344 3968 424 4016 mortis
433 3985 474 4034 ge·
526 3963 618 4015 vidend
630 3964 662 4014 xi.
673 3965 716 4015 ³9.
753 3958 1024 4026 Umbraspraarborss,

526 4039 727 4090 memffl

145 4135 163 4174 a,
184 4119 299 4182 trabesque
320 4134 403 4180 rupen·
425 4116 475 4180 jam
558 4116 615 4163 515.
627 4113 729 4169 AEstust,
741 4108 804 4165 furit,
813 4109 891 4174 jactat
901 4104 1014 4155 membra.
