<?xml version="1.0" encoding="UTF-8"?>
<!DOCTYPE html PUBLIC "-//W3C//DTD XHTML 1.0 Transitional//EN"
    "http://www.w3.org/TR/xhtml1/DTD/xhtml1-transitional.dtd">
<html xmlns="http://www.w3.org/1999/xhtml" xml:lang="en" lang="en">
 <head>
  <title>
</title>
<meta http-equiv="Content-Type" content="text/html;charset=utf-8" />
  <meta name='ocr-system' content='tesseract 3.04.00' />
  <meta name='ocr-capabilities' content='ocr_page ocr_carea ocr_par ocr_line ocrx_word'/>
</head>
<body>
  <div class='ocr_page' id='page_1' title='image "./povidiinasoniso05burmgoog_0127.png"; bbox 0 0 2774 5004; ppageno 0'>
   <div class='ocr_carea' id='block_1_1' title="bbox 288 310 1152 396">
    <p class='ocr_par' dir='ltr' id='par_1_1' title="bbox 288 310 1152 396">
     <span class='ocr_line' id='line_1_1' title="bbox 288 310 1152 396; baseline -0.029 1"><span class='ocrx_word' id='word_1_1' title='bbox 288 322 354 396; x_wconf 73' lang='lat' dir='ltr'>m</span> <span class='ocrx_word' id='word_1_2' title='bbox 471 318 492 375; x_wconf 87' lang='grc'>-“</span> <span class='ocrx_word' id='word_1_3' title='bbox 581 312 808 388; x_wconf 80' lang='lat' dir='ltr'>P.&#39;0v11)11</span> <span class='ocrx_word' id='word_1_4' title='bbox 831 310 1045 386; x_wconf 75' lang='lat' dir='ltr'>NASONIS</span> <span class='ocrx_word' id='word_1_5' title='bbox 1123 314 1152 372; x_wconf 65' lang='grc' dir='ltr'>ἐ</span> 
     </span>
    </p>
   </div>
   <div class='ocr_carea' id='block_1_2' title="bbox 288 485 1381 2444">
    <p class='ocr_par' dir='ltr' id='par_1_2' title="bbox 288 485 1381 2444">
     <span class='ocr_line' id='line_1_2' title="bbox 288 485 1337 596; baseline -0.008 -22"><span class='ocrx_word' id='word_1_6' title='bbox 288 501 461 596; x_wconf 86' lang='lat' dir='ltr'>ingenua</span> <span class='ocrx_word' id='word_1_7' title='bbox 477 497 527 570; x_wconf 89' lang='lat' dir='ltr'>de</span> <span class='ocrx_word' id='word_1_8' title='bbox 542 497 655 593; x_wconf 85' lang='lat' dir='ltr'><strong>plebe</strong></span> <span class='ocrx_word' id='word_1_9' title='bbox 673 495 815 569; x_wconf 87' lang='lat' dir='ltr'>virum:</span> <span class='ocrx_word' id='word_1_10' title='bbox 844 515 915 568; x_wconf 78' lang='lat' dir='ltr'>nee</span> <span class='ocrx_word' id='word_1_11' title='bbox 933 514 1072 567; x_wconf 85' lang='lat' dir='ltr'>census</span> <span class='ocrx_word' id='word_1_12' title='bbox 1090 492 1129 566; x_wconf 94' lang='lat' dir='ltr'>in</span> <span class='ocrx_word' id='word_1_13' title='bbox 1148 492 1219 566; x_wconf 92' lang='lat' dir='ltr'>illo</span> <span class='ocrx_word' id='word_1_14' title='bbox 1270 485 1337 566; x_wconf 81' lang='grc'>676</span> 
     </span>
     <span class='ocr_line' id='line_1_3' title="bbox 288 607 1129 707; baseline -0.008 -18"><span class='ocrx_word' id='word_1_15' title='bbox 288 609 501 689; x_wconf 78' lang='lat' dir='ltr'>Nobilitate</span> <span class='ocrx_word' id='word_1_16' title='bbox 518 634 588 684; x_wconf 81' lang='lat' dir='ltr'>sua</span> <span class='ocrx_word' id='word_1_17' title='bbox 605 612 743 707; x_wconf 90' lang='lat' dir='ltr'>major;</span> <span class='ocrx_word' id='word_1_18' title='bbox 774 608 843 684; x_wconf 82' lang='lat' dir='ltr'>sed</span> <span class='ocrx_word' id='word_1_19' title='bbox 860 610 937 682; x_wconf 87' lang='lat' dir='ltr'>vita</span> <span class='ocrx_word' id='word_1_20' title='bbox 952 607 1129 705; x_wconf 78' lang='lat' dir='ltr'>fidesque</span> 
     </span>
     <span class='ocr_line' id='line_1_4' title="bbox 288 724 1195 826; baseline -0.007 -22"><span class='ocrx_word' id='word_1_21' title='bbox 288 729 491 826; x_wconf 83' lang='lat' dir='ltr'>Inculpata</span> <span class='ocrx_word' id='word_1_22' title='bbox 506 725 596 800; x_wconf 87' lang='lat' dir='ltr'>fuit:</span> <span class='ocrx_word' id='word_1_23' title='bbox 626 725 788 822; x_wconf 86' lang='lat' dir='ltr'>gravidae</span> <span class='ocrx_word' id='word_1_24' title='bbox 807 725 873 822; x_wconf 91' lang='lat' dir='ltr'>qui</span> <span class='ocrx_word' id='word_1_25' title='bbox 890 724 1063 822; x_wconf 85' lang='lat' dir='ltr'>conjugis</span> <span class='ocrx_word' id='word_1_26' title='bbox 1079 745 1195 798; x_wconf 80' lang='lat' dir='ltr'>aures</span> 
     </span>
     <span class='ocr_line' id='line_1_5' title="bbox 288 838 1381 938; baseline -0.01 -22"><span class='ocrx_word' id='word_1_27' title='bbox 288 842 524 918; x_wconf 88' lang='lat' dir='ltr'>Vocibushis</span> <span class='ocrx_word' id='word_1_28' title='bbox 540 841 666 928; x_wconf 87' lang='lat' dir='ltr'>movit,</span> <span class='ocrx_word' id='word_1_29' title='bbox 679 865 797 938; x_wconf 91' lang='lat' dir='ltr'>quurn</span> <span class='ocrx_word' id='word_1_30' title='bbox 804 842 883 937; x_wconf 85' lang='lat' dir='ltr'>jam</span> <span class='ocrx_word' id='word_1_31' title='bbox 894 862 1012 937; x_wconf 87' lang='lat' dir='ltr'>prope</span> <span class='ocrx_word' id='word_1_32' title='bbox 1023 850 1157 937; x_wconf 78' lang='lat' dir='ltr'>partus</span> <span class='ocrx_word' id='word_1_33' title='bbox 1169 838 1337 926; x_wconf 58' lang='lat' dir='ltr'>adessem</span> <span class='ocrx_word' id='word_1_34' title='bbox 1379 894 1381 905; x_wconf 94' lang='lat'><em>.</em></span> 
     </span>
     <span class='ocr_line' id='line_1_6' title="bbox 290 949 1338 1044; baseline -0.004 -12"><span class='ocrx_word' id='word_1_35' title='bbox 290 969 314 1015; x_wconf 58' lang='lat'>‘1⁴</span> <span class='ocrx_word' id='word_1_36' title='bbox 328 958 422 1044; x_wconf 85' lang='lat' dir='ltr'>Quae</span> <span class='ocrx_word' id='word_1_37' title='bbox 432 981 586 1032; x_wconf 79' lang='lat' dir='ltr'><strong>voveam</strong></span> <span class='ocrx_word' id='word_1_38' title='bbox 598 958 672 1031; x_wconf 93' lang='lat' dir='ltr'>duo</span> <span class='ocrx_word' id='word_1_39' title='bbox 683 970 782 1044; x_wconf 87' lang='lat' dir='ltr'>sunt,</span> <span class='ocrx_word' id='word_1_40' title='bbox 795 958 949 1030; x_wconf 89' lang='lat' dir='ltr'>minimo</span> <span class='ocrx_word' id='word_1_41' title='bbox 964 968 1006 1030; x_wconf 91' lang='lat' dir='ltr'>ut</span> <span class='ocrx_word' id='word_1_42' title='bbox 1017 957 1183 1030; x_wconf 81' lang='lat' dir='ltr'>relevere</span> <span class='ocrx_word' id='word_1_43' title='bbox 1194 949 1338 1042; x_wconf 63' lang='lat' dir='ltr'>laborm</span> 
     </span>
     <span class='ocr_line' id='line_1_7' title="bbox 292 1069 1339 1171; baseline -0.004 -24"><span class='ocrx_word' id='word_1_44' title='bbox 292 1074 423 1171; x_wconf 82' lang='lat' dir='ltr'>thue</span> <span class='ocrx_word' id='word_1_45' title='bbox 438 1096 578 1146; x_wconf 85' lang='lat' dir='ltr'>marem</span> <span class='ocrx_word' id='word_1_46' title='bbox 590 1073 732 1170; x_wconf 83' lang='lat' dir='ltr'>parias:</span> <span class='ocrx_word' id='word_1_47' title='bbox 752 1073 943 1146; x_wconf 88' lang='lat' dir='ltr'>onerosior</span> <span class='ocrx_word' id='word_1_48' title='bbox 953 1069 1071 1146; x_wconf 80' lang='lat' dir='ltr'>altera</span> <span class='ocrx_word' id='word_1_49' title='bbox 1081 1095 1164 1144; x_wconf 90' lang='lat' dir='ltr'>sors</span> <span class='ocrx_word' id='word_1_50' title='bbox 1178 1083 1258 1159; x_wconf 86' lang='lat' dir='ltr'>est3</span> <span class='ocrx_word' id='word_1_51' title='bbox 1273 1074 1339 1144; x_wconf 89' lang='grc'>675</span> 
     </span>
     <span class='ocr_line' id='line_1_8' title="bbox 291 1188 1248 1285; baseline -0.005 -20"><span class='ocrx_word' id='word_1_52' title='bbox 291 1189 343 1265; x_wconf 77' lang='lat' dir='ltr'>Et</span> <span class='ocrx_word' id='word_1_53' title='bbox 360 1190 455 1262; x_wconf 80' lang='lat' dir='ltr'>‘vires</span> <span class='ocrx_word' id='word_1_54' title='bbox 474 1188 624 1262; x_wconf 87' lang='lat' dir='ltr'>fortuna</span> <span class='ocrx_word' id='word_1_55' title='bbox 641 1199 774 1282; x_wconf 85' lang='lat' dir='ltr'>negat:</span> <span class='ocrx_word' id='word_1_56' title='bbox 804 1189 907 1285; x_wconf 91' lang='lat' dir='ltr'>quod</span> <span class='ocrx_word' id='word_1_57' title='bbox 923 1189 1129 1274; x_wconf 80' lang='lat' dir='ltr'>abominor,</span> <span class='ocrx_word' id='word_1_58' title='bbox 1150 1210 1248 1284; x_wconf 86' lang='lat' dir='ltr'>ergo</span> 
     </span>
     <span class='ocr_line' id='line_1_9' title="bbox 290 1294 1324 1402; baseline -0.007 -21"><span class='ocrx_word' id='word_1_59' title='bbox 290 1303 406 1381; x_wconf 83' lang='lat' dir='ltr'><strong>Edita</strong></span> <span class='ocrx_word' id='word_1_60' title='bbox 423 1305 517 1379; x_wconf 86' lang='lat' dir='ltr'>sorte</span> <span class='ocrx_word' id='word_1_61' title='bbox 536 1315 601 1378; x_wconf 89' lang='lat' dir='ltr'>tuo</span> <span class='ocrx_word' id='word_1_62' title='bbox 618 1304 730 1378; x_wconf 85' lang='lat' dir='ltr'>fuerit</span> <span class='ocrx_word' id='word_1_63' title='bbox 746 1307 776 1380; x_wconf 88' lang='lat' dir='ltr'>si</span> <span class='ocrx_word' id='word_1_64' title='bbox 795 1305 934 1378; x_wconf 80' lang='lat' dir='ltr'>femina</span> <span class='ocrx_word' id='word_1_65' title='bbox 952 1316 1075 1402; x_wconf 87' lang='lat' dir='ltr'>partu,</span> <span class='ocrx_word' id='word_1_66' title='bbox 1321 1294 1324 1298; x_wconf 39' lang='lat'><strong><em>⁴</em></strong></span> 
     </span>
     <span class='ocr_line' id='line_1_10' title="bbox 291 1417 1196 1520; baseline -0.004 -26"><span class='ocrx_word' id='word_1_67' title='bbox 291 1421 436 1495; x_wconf 85' lang='lat' dir='ltr'>invitus</span> <span class='ocrx_word' id='word_1_68' title='bbox 455 1421 613 1510; x_wconf 84' lang='lat' dir='ltr'>mand03</span> <span class='ocrx_word' id='word_1_69' title='bbox 644 1422 778 1520; x_wconf 73' lang='lat' dir='ltr'>pietas,</span> <span class='ocrx_word' id='word_1_70' title='bbox 797 1422 971 1517; x_wconf 86' lang='lat' dir='ltr'>ignosce;</span> <span class='ocrx_word' id='word_1_71' title='bbox 1000 1417 1196 1493; x_wconf 82' lang='lat' dir='ltr'>necetur.”</span> 
     </span>
     <span class='ocr_line' id='line_1_11' title="bbox 292 1532 1338 1633; baseline 0 -25"><span class='ocrx_word' id='word_1_72' title='bbox 292 1535 471 1611; x_wconf 85' lang='lat' dir='ltr'>Dixerat:</span> <span class='ocrx_word' id='word_1_73' title='bbox 501 1549 540 1610; x_wconf 87' lang='lat' dir='ltr'>et</span> <span class='ocrx_word' id='word_1_74' title='bbox 557 1538 720 1610; x_wconf 86' lang='lat' dir='ltr'>lacrimis</span> <span class='ocrx_word' id='word_1_75' title='bbox 736 1537 881 1610; x_wconf 87' lang='lat' dir='ltr'>vultum</span> <span class='ocrx_word' id='word_1_76' title='bbox 899 1538 1022 1609; x_wconf 81' lang='lat' dir='ltr'>lavare</span> <span class='ocrx_word' id='word_1_77' title='bbox 1040 1532 1217 1633; x_wconf 86' lang='lat' dir='ltr'>profusis,</span> <span class='ocrx_word' id='word_1_78' title='bbox 1271 1538 1338 1608; x_wconf 87' lang='grc'>679</span> 
     </span>
     <span class='ocr_line' id='line_1_12' title="bbox 290 1646 1337 1750; baseline -0.002 -26"><span class='ocrx_word' id='word_1_79' title='bbox 290 1650 385 1725; x_wconf 87' lang='lat' dir='ltr'>Tam</span> <span class='ocrx_word' id='word_1_80' title='bbox 405 1652 470 1750; x_wconf 91' lang='lat' dir='ltr'>qui</span> <span class='ocrx_word' id='word_1_81' title='bbox 489 1653 705 1739; x_wconf 83' lang='lat' dir='ltr'>mandabat,</span> <span class='ocrx_word' id='word_1_82' title='bbox 727 1676 842 1749; x_wconf 88' lang='lat' dir='ltr'>quam</span> <span class='ocrx_word' id='word_1_83' title='bbox 862 1653 923 1724; x_wconf 88' lang='lat' dir='ltr'>cui</span> <span class='ocrx_word' id='word_1_84' title='bbox 942 1651 1120 1724; x_wconf 79' lang='lat' dir='ltr'>mandata</span> <span class='ocrx_word' id='word_1_85' title='bbox 1138 1646 1337 1724; x_wconf 81' lang='lat' dir='ltr'>dabantur.</span> 
     </span>
     <span class='ocr_line' id='line_1_13' title="bbox 293 1765 1326 1864; baseline 0 -26"><span class='ocrx_word' id='word_1_86' title='bbox 293 1766 371 1839; x_wconf 86' lang='lat' dir='ltr'>Sed</span> <span class='ocrx_word' id='word_1_87' title='bbox 389 1778 516 1840; x_wconf 87' lang='lat' dir='ltr'>tamen</span> <span class='ocrx_word' id='word_1_88' title='bbox 534 1791 654 1864; x_wconf 91' lang='lat' dir='ltr'>usque</span> <span class='ocrx_word' id='word_1_89' title='bbox 673 1792 785 1840; x_wconf 87' lang='lat' dir='ltr'>suum</span> <span class='ocrx_word' id='word_1_90' title='bbox 801 1767 907 1840; x_wconf 84' lang='lat' dir='ltr'>vanis</span> <span class='ocrx_word' id='word_1_91' title='bbox 925 1765 1133 1839; x_wconf 86' lang='lat' dir='ltr'>Telethusa</span> <span class='ocrx_word' id='word_1_92' title='bbox 1149 1765 1326 1838; x_wconf 87' lang='lat' dir='ltr'>maritum</span> 
     </span>
     <span class='ocr_line' id='line_1_14' title="bbox 293 1879 1308 1980; baseline 0.002 -28"><span class='ocrx_word' id='word_1_93' title='bbox 293 1879 482 1954; x_wconf 84' lang='lat' dir='ltr'>Sollicitat</span> <span class='ocrx_word' id='word_1_94' title='bbox 504 1883 691 1979; x_wconf 76' lang='lat' dir='ltr'>precibuS,</span> <span class='ocrx_word' id='word_1_95' title='bbox 711 1907 758 1956; x_wconf 89' lang='lat' dir='ltr'>ne</span> <span class='ocrx_word' id='word_1_96' title='bbox 777 1907 884 1980; x_wconf 82' lang='lat' dir='ltr'>spem</span> <span class='ocrx_word' id='word_1_97' title='bbox 902 1880 974 1954; x_wconf 86' lang='lat' dir='ltr'>sibi</span> <span class='ocrx_word' id='word_1_98' title='bbox 992 1890 1109 1978; x_wconf 81' lang='lat' dir='ltr'>ponat</span> <span class='ocrx_word' id='word_1_99' title='bbox 1125 1880 1165 1952; x_wconf 94' lang='lat' dir='ltr'>in</span> <span class='ocrx_word' id='word_1_100' title='bbox 1183 1895 1281 1954; x_wconf 87' lang='lat' dir='ltr'>arto.</span> <span class='ocrx_word' id='word_1_101' title='bbox 1305 1924 1308 1929; x_wconf 89' lang='lat'>-</span> 
     </span>
     <span class='ocr_line' id='line_1_15' title="bbox 293 1994 1317 2095; baseline 0.001 -28"><span class='ocrx_word' id='word_1_102' title='bbox 293 1995 411 2067; x_wconf 84' lang='lat' dir='ltr'>Certo</span> <span class='ocrx_word' id='word_1_103' title='bbox 428 2018 496 2067; x_wconf 85' lang='lat' dir='ltr'>sua</span> <span class='ocrx_word' id='word_1_104' title='bbox 514 2006 573 2095; x_wconf 81' lang='lat' dir='ltr'>est</span> <span class='ocrx_word' id='word_1_105' title='bbox 590 1995 709 2092; x_wconf 83' lang='lat' dir='ltr'>Ligdo</span> <span class='ocrx_word' id='word_1_106' title='bbox 726 1996 936 2070; x_wconf 86' lang='lat' dir='ltr'>sententia:</span> <span class='ocrx_word' id='word_1_107' title='bbox 960 1998 1119 2093; x_wconf 88' lang='lat' dir='ltr'>jamque</span> <span class='ocrx_word' id='word_1_108' title='bbox 1137 1994 1295 2070; x_wconf 87' lang='lat' dir='ltr'>ferendo</span> <span class='ocrx_word' id='word_1_109' title='bbox 1313 2034 1317 2039; x_wconf 94' lang='lat'><em>·</em></span> 
     </span>
     <span class='ocr_line' id='line_1_16' title="bbox 294 2107 1274 2211; baseline 0.006 -31"><span class='ocrx_word' id='word_1_110' title='bbox 294 2107 369 2182; x_wconf 82' lang='lat' dir='ltr'>Vix</span> <span class='ocrx_word' id='word_1_111' title='bbox 386 2121 467 2183; x_wconf 88' lang='lat' dir='ltr'>erat</span> <span class='ocrx_word' id='word_1_112' title='bbox 484 2110 548 2183; x_wconf 83' lang='lat' dir='ltr'>illa</span> <span class='ocrx_word' id='word_1_113' title='bbox 565 2136 713 2207; x_wconf 85' lang='lat' dir='ltr'>gravem</span> <span class='ocrx_word' id='word_1_114' title='bbox 733 2125 879 2186; x_wconf 84' lang='lat' dir='ltr'>maturo</span> <span class='ocrx_word' id='word_1_115' title='bbox 897 2113 1064 2211; x_wconf 85' lang='lat' dir='ltr'>pondere</span> <span class='ocrx_word' id='word_1_116' title='bbox 1079 2123 1274 2201; x_wconf 70' lang='lat' dir='ltr'>ventrem</span> 
     </span>
     <span class='ocr_line' id='line_1_17' title="bbox 293 2222 1341 2326; baseline 0.007 -30"><span class='ocrx_word' id='word_1_117' title='bbox 293 2222 421 2309; x_wconf 85' lang='lat' dir='ltr'>Quum</span> <span class='ocrx_word' id='word_1_118' title='bbox 436 2224 560 2299; x_wconf 87' lang='lat' dir='ltr'>medio</span> <span class='ocrx_word' id='word_1_119' title='bbox 575 2228 695 2301; x_wconf 88' lang='lat' dir='ltr'>noctis</span> <span class='ocrx_word' id='word_1_120' title='bbox 709 2229 844 2326; x_wconf 87' lang='lat' dir='ltr'>spatio,</span> <span class='ocrx_word' id='word_1_121' title='bbox 857 2231 928 2303; x_wconf 87' lang='lat' dir='ltr'>sub</span> <span class='ocrx_word' id='word_1_122' title='bbox 941 2230 1104 2325; x_wconf 85' lang='lat' dir='ltr'>imagine</span> <span class='ocrx_word' id='word_1_123' title='bbox 1119 2229 1257 2316; x_wconf 88' lang='lat' dir='ltr'>somni,</span> <span class='ocrx_word' id='word_1_124' title='bbox 1270 2232 1341 2305; x_wconf 85' lang='grc'>685</span> 
     </span>
     <span class='ocr_line' id='line_1_18' title="bbox 293 2336 1242 2444; baseline 0.005 -30"><span class='ocrx_word' id='word_1_125' title='bbox 293 2336 446 2416; x_wconf 82' lang='lat' dir='ltr'>Inachis</span> <span class='ocrx_word' id='word_1_126' title='bbox 463 2355 551 2417; x_wconf 83' lang='lat' dir='ltr'>ante</span> <span class='ocrx_word' id='word_1_127' title='bbox 568 2356 704 2431; x_wconf 92' lang='lat' dir='ltr'>torum,</span> <span class='ocrx_word' id='word_1_128' title='bbox 723 2369 863 2444; x_wconf 86' lang='lat' dir='ltr'>pompa</span> <span class='ocrx_word' id='word_1_129' title='bbox 879 2346 1058 2420; x_wconf 79' lang='lat' dir='ltr'>comitata</span> <span class='ocrx_word' id='word_1_130' title='bbox 1075 2369 1242 2434; x_wconf 81' lang='lat' dir='ltr'>suorum,</span> 
     </span>
    </p>
   </div>
   <div class='ocr_carea' id='block_1_3' title="bbox 293 2526 1345 4221">
    <p class='ocr_par' dir='ltr' id='par_1_3' title="bbox 293 2526 1343 2668">
     <span class='ocr_line' id='line_1_19' title="bbox 294 2526 1343 2597; baseline 0.004 -21"><span class='ocrx_word' id='word_1_131' title='bbox 294 2558 297 2566; x_wconf 90' lang='lat'>·</span> <span class='ocrx_word' id='word_1_132' title='bbox 325 2528 382 2576; x_wconf 80' lang='grc'>678.</span> <span class='ocrx_word' id='word_1_133' title='bbox 398 2526 629 2592; x_wconf 66' lang='grc' dir='ltr'>νοοὶῠωὶιίεωουίι.]</span> <span class='ocrx_word' id='word_1_134' title='bbox 644 2530 790 2579; x_wconf 80' lang='lat' dir='ltr'>Probitalour</span> <span class='ocrx_word' id='word_1_135' title='bbox 874 2532 930 2580; x_wconf 87' lang='grc'>676.</span> <span class='ocrx_word' id='word_1_136' title='bbox 955 2532 1040 2587; x_wconf 67' lang='lat' dir='ltr'>Pieros,</span> <span class='ocrx_word' id='word_1_137' title='bbox 1057 2530 1137 2579; x_wconf 70' lang='lat' dir='ltr'>officit</span> <span class='ocrx_word' id='word_1_138' title='bbox 1158 2540 1268 2596; x_wconf 65' lang='lat' dir='ltr'>palerna,</span> <span class='ocrx_word' id='word_1_139' title='bbox 1288 2542 1343 2597; x_wconf 68' lang='lat' dir='ltr'>qun·</span> 
     </span>
     <span class='ocr_line' id='line_1_20' title="bbox 293 2601 1147 2668; baseline 0.004 -17"><span class='ocrx_word' id='word_1_140' title='bbox 293 2601 337 2651; x_wconf 76' lang='lat' dir='ltr'>viri</span> <span class='ocrx_word' id='word_1_141' title='bbox 347 2603 514 2668; x_wconf 74' lang='lat' dir='ltr'>probatorium</span> <span class='ocrx_word' id='word_1_142' title='bbox 525 2618 576 2668; x_wconf 72' lang='lat' dir='ltr'>req.</span> <span class='ocrx_word' id='word_1_143' title='bbox 588 2603 671 2652; x_wconf 79' lang='lat' dir='ltr'>oratio.</span> <span class='ocrx_word' id='word_1_144' title='bbox 683 2623 684 2627; x_wconf 46' lang='lat'>¹</span> <span class='ocrx_word' id='word_1_145' title='bbox 704 2605 743 2652; x_wconf 84' lang='lat' dir='ltr'>De</span> <span class='ocrx_word' id='word_1_146' title='bbox 753 2620 790 2653; x_wconf 74' lang='lat' dir='ltr'>sa·</span> <span class='ocrx_word' id='word_1_147' title='bbox 841 2605 886 2655; x_wconf 90' lang='lat' dir='ltr'>hoc</span> <span class='ocrx_word' id='word_1_148' title='bbox 897 2606 1009 2653; x_wconf 78' lang='lat' dir='ltr'>mandato</span> <span class='ocrx_word' id='word_1_149' title='bbox 1019 2604 1147 2654; x_wconf 61' lang='lat' dir='ltr'>reduntur.</span> 
     </span>
    </p>

    <p class='ocr_par' dir='ltr' id='par_1_4' title="bbox 293 2675 1341 2891">
     <span class='ocr_line' id='line_1_21' title="bbox 293 2675 1341 2744; baseline 0.002 -20"><span class='ocrx_word' id='word_1_150' title='bbox 293 2675 343 2726; x_wconf 76' lang='lat' dir='ltr'>lule</span> <span class='ocrx_word' id='word_1_151' title='bbox 366 2675 473 2742; x_wconf 70' lang='lat' dir='ltr'>conjugis</span> <span class='ocrx_word' id='word_1_152' title='bbox 500 2684 536 2725; x_wconf 73' lang='lat' dir='ltr'>ert</span> <span class='ocrx_word' id='word_1_153' title='bbox 559 2677 683 2733; x_wconf 73' lang='lat' dir='ltr'>sollicitus,</span> <span class='ocrx_word' id='word_1_154' title='bbox 704 2676 792 2725; x_wconf 77' lang='lat' dir='ltr'>invitus</span> <span class='ocrx_word' id='word_1_155' title='bbox 875 2680 933 2728; x_wconf 86' lang='grc'>679.</span> <span class='ocrx_word' id='word_1_156' title='bbox 959 2679 1050 2728; x_wconf 79' lang='lat' dir='ltr'>Lovore</span> <span class='ocrx_word' id='word_1_157' title='bbox 1071 2687 1134 2744; x_wconf 72' lang='lat' dir='ltr'>poet.</span> <span class='ocrx_word' id='word_1_158' title='bbox 1154 2692 1207 2744; x_wconf 91' lang='lat' dir='ltr'>pro,</span> <span class='ocrx_word' id='word_1_159' title='bbox 1231 2677 1341 2743; x_wconf 44' lang='lat' dir='ltr'>irrigat&amp;</span> 
     </span>
     <span class='ocr_line' id='line_1_22' title="bbox 294 2750 1341 2817; baseline 0 -18"><span class='ocrx_word' id='word_1_160' title='bbox 294 2750 610 2807; x_wconf 70' lang='lat' dir='ltr'>mundet,additlncrimas.</span> <span class='ocrx_word' id='word_1_161' title='bbox 640 2751 793 2800; x_wconf 73' lang='lat' dir='ltr'>Monoleum</span> <span class='ocrx_word' id='word_1_162' title='bbox 842 2753 965 2817; x_wconf 74' lang='lat' dir='ltr'>Virgilius,</span> <span class='ocrx_word' id='word_1_163' title='bbox 986 2753 1042 2801; x_wconf 83' lang='lat' dir='ltr'>AEn.</span> <span class='ocrx_word' id='word_1_164' title='bbox 1059 2752 1184 2811; x_wconf 80' lang='lat' dir='ltr'>xii.121;</span> <span class='ocrx_word' id='word_1_165' title='bbox 1205 2759 1232 2801; x_wconf 82' lang='lat' dir='ltr'>el</span> <span class='ocrx_word' id='word_1_166' title='bbox 1252 2753 1341 2816; x_wconf 72' lang='lat' dir='ltr'>Georg-</span> 
     </span>
     <span class='ocr_line' id='line_1_23' title="bbox 293 2825 946 2891; baseline 0.003 -18"><span class='ocrx_word' id='word_1_167' title='bbox 293 2825 390 2874; x_wconf 60' lang='grc' dir='ltr'>οἰκήια</span> <span class='ocrx_word' id='word_1_168' title='bbox 405 2834 430 2873; x_wconf 83' lang='lat' dir='ltr'>ot</span> <span class='ocrx_word' id='word_1_169' title='bbox 447 2826 475 2881; x_wconf 77' lang='lat' dir='ltr'>ir,</span> <span class='ocrx_word' id='word_1_170' title='bbox 488 2825 529 2889; x_wconf 86' lang='lat' dir='ltr'>qui</span> <span class='ocrx_word' id='word_1_171' title='bbox 546 2841 600 2874; x_wconf 86' lang='lat' dir='ltr'>eum</span> <span class='ocrx_word' id='word_1_172' title='bbox 619 2825 756 2891; x_wconf 80' lang='lat' dir='ltr'>alloquitur,</span> <span class='ocrx_word' id='word_1_173' title='bbox 768 2832 793 2873; x_wconf 81' lang='lat' dir='ltr'>et</span> <span class='ocrx_word' id='word_1_174' title='bbox 841 2827 876 2876; x_wconf 84' lang='lat' dir='ltr'>iii.</span> <span class='ocrx_word' id='word_1_175' title='bbox 886 2829 946 2876; x_wconf 76' lang='lat'>221.</span> 
     </span>
    </p>

    <p class='ocr_par' dir='ltr' id='par_1_5' title="bbox 294 2898 1343 3481">
     <span class='ocr_line' id='line_1_24' title="bbox 294 2898 1341 2964; baseline 0 -17"><span class='ocrx_word' id='word_1_176' title='bbox 294 2914 339 2955; x_wconf 75' lang='lat' dir='ltr'>reo,</span> <span class='ocrx_word' id='word_1_177' title='bbox 353 2915 406 2964; x_wconf 78' lang='lat' dir='ltr'>quae</span> <span class='ocrx_word' id='word_1_178' title='bbox 425 2908 544 2947; x_wconf 75' lang='lat' dir='ltr'>narratur:</span> <span class='ocrx_word' id='word_1_179' title='bbox 564 2898 595 2947; x_wconf 75' lang='lat' dir='ltr'>iv,</span> <span class='ocrx_word' id='word_1_180' title='bbox 606 2900 664 2948; x_wconf 84' lang='lat'>271.</span> <span class='ocrx_word' id='word_1_181' title='bbox 702 2900 792 2955; x_wconf 75' lang='lat' dir='ltr'>Venere,</span> <span class='ocrx_word' id='word_1_182' title='bbox 875 2901 931 2948; x_wconf 85' lang='grc'>681.</span> <span class='ocrx_word' id='word_1_183' title='bbox 948 2901 991 2949; x_wconf 76' lang='lat' dir='ltr'>Sed</span> <span class='ocrx_word' id='word_1_184' title='bbox 1009 2911 1083 2948; x_wconf 71' lang='lat' dir='ltr'>tamen</span> <span class='ocrx_word' id='word_1_185' title='bbox 1099 2915 1169 2962; x_wconf 74' lang='lat' dir='ltr'>mque</span> <span class='ocrx_word' id='word_1_186' title='bbox 1184 2915 1262 2956; x_wconf 73' lang='lat' dir='ltr'>mum,</span> <span class='ocrx_word' id='word_1_187' title='bbox 1280 2899 1341 2962; x_wconf 72' lang='lat' dir='ltr'>elo]</span> 
     </span>
     <span class='ocr_line' id='line_1_25' title="bbox 294 2971 1343 3038; baseline -0.001 -17"><span class='ocrx_word' id='word_1_188' title='bbox 294 2971 396 3038; x_wconf 79' lang='lat' dir='ltr'>precari.</span> <span class='ocrx_word' id='word_1_189' title='bbox 431 2972 706 3038; x_wconf 71' lang='lat' dir='ltr'>Imborepraetnlitidem</span> <span class='ocrx_word' id='word_1_190' title='bbox 717 2975 792 3024; x_wconf 81' lang='lat' dir='ltr'>Heiu-</span> <span class='ocrx_word' id='word_1_191' title='bbox 842 2974 872 3021; x_wconf 91' lang='lat' dir='ltr'>ln</span> <span class='ocrx_word' id='word_1_192' title='bbox 889 2973 968 3022; x_wconf 72' lang='lat' dir='ltr'>animo</span> <span class='ocrx_word' id='word_1_193' title='bbox 981 2973 1091 3021; x_wconf 84' lang='lat' dir='ltr'>muliebri</span> <span class='ocrx_word' id='word_1_194' title='bbox 1108 2971 1210 3021; x_wconf 70' lang='lat' dir='ltr'>effectur</span> <span class='ocrx_word' id='word_1_195' title='bbox 1222 2981 1343 3020; x_wconf 76' lang='lat' dir='ltr'>maternus</span> 
     </span>
     <span class='ocr_line' id='line_1_26' title="bbox 295 3045 1340 3114; baseline 0.001 -20"><span class='ocrx_word' id='word_1_196' title='bbox 295 3046 344 3095; x_wconf 71' lang='lat' dir='ltr'>rius</span> <span class='ocrx_word' id='word_1_197' title='bbox 364 3058 393 3094; x_wconf 80' lang='lat' dir='ltr'>ex</span> <span class='ocrx_word' id='word_1_198' title='bbox 415 3045 539 3101; x_wconf 83' lang='lat' dir='ltr'>Urbimte,</span> <span class='ocrx_word' id='word_1_199' title='bbox 561 3046 636 3110; x_wconf 88' lang='lat' dir='ltr'>primo</span> <span class='ocrx_word' id='word_1_200' title='bbox 658 3048 747 3096; x_wconf 81' lang='lat' dir='ltr'>Erfurt.</span> <span class='ocrx_word' id='word_1_201' title='bbox 769 3055 793 3096; x_wconf 84' lang='lat' dir='ltr'>et</span> <span class='ocrx_word' id='word_1_202' title='bbox 842 3047 965 3112; x_wconf 67' lang='lat' dir='ltr'>praevalet,</span> <span class='ocrx_word' id='word_1_203' title='bbox 982 3047 1045 3113; x_wconf 76' lang='lat' dir='ltr'>apud</span> <span class='ocrx_word' id='word_1_204' title='bbox 1063 3046 1165 3110; x_wconf 81' lang='lat' dir='ltr'>Ligdum</span> <span class='ocrx_word' id='word_1_205' title='bbox 1181 3045 1243 3094; x_wconf 74' lang='lat' dir='ltr'>dura</span> <span class='ocrx_word' id='word_1_206' title='bbox 1259 3061 1340 3114; x_wconf 63' lang='lat' dir='ltr'>neca,-</span> 
     </span>
     <span class='ocr_line' id='line_1_27' title="bbox 295 3118 1342 3186; baseline 0.002 -21"><span class='ocrx_word' id='word_1_207' title='bbox 295 3128 397 3182; x_wconf 76' lang='lat' dir='ltr'>quutuor</span> <span class='ocrx_word' id='word_1_208' title='bbox 412 3118 472 3173; x_wconf 77' lang='lat' dir='ltr'>aliis,</span> <span class='ocrx_word' id='word_1_209' title='bbox 484 3135 525 3183; x_wconf 90' lang='lat' dir='ltr'>pro</span> <span class='ocrx_word' id='word_1_210' title='bbox 535 3122 618 3176; x_wconf 76' lang='lat' dir='ltr'>dolore,</span> <span class='ocrx_word' id='word_1_211' title='bbox 630 3120 705 3184; x_wconf 92' lang='lat' dir='ltr'>(quod</span> <span class='ocrx_word' id='word_1_212' title='bbox 719 3132 754 3170; x_wconf 85' lang='lat' dir='ltr'>est</span> <span class='ocrx_word' id='word_1_213' title='bbox 768 3124 793 3172; x_wconf 90' lang='lat' dir='ltr'>in</span> <span class='ocrx_word' id='word_1_214' title='bbox 843 3122 909 3170; x_wconf 78' lang='lat' dir='ltr'>ritus.</span> <span class='ocrx_word' id='word_1_215' title='bbox 942 3122 1006 3185; x_wconf 75' lang='lat' dir='ltr'>Spem</span> <span class='ocrx_word' id='word_1_216' title='bbox 1018 3124 1137 3183; x_wconf 75' lang='lat' dir='ltr'>ponerein</span> <span class='ocrx_word' id='word_1_217' title='bbox 1151 3131 1342 3186; x_wconf 49' lang='grc' dir='ltr'>περιωπ-</span> 
     </span>
     <span class='ocr_line' id='line_1_28' title="bbox 295 3190 1342 3260; baseline 0.005 -22"><span class='ocrx_word' id='word_1_218' title='bbox 295 3190 379 3238; x_wconf 80' lang='lat' dir='ltr'>nostris</span> <span class='ocrx_word' id='word_1_219' title='bbox 396 3190 501 3254; x_wconf 60' lang='lat' dir='ltr'>Regin)</span> <span class='ocrx_word' id='word_1_220' title='bbox 516 3192 574 3257; x_wconf 82' lang='lat' dir='ltr'>quia</span> <span class='ocrx_word' id='word_1_221' title='bbox 590 3192 656 3241; x_wconf 82' lang='lat' dir='ltr'>labor</span> <span class='ocrx_word' id='word_1_222' title='bbox 672 3201 708 3242; x_wconf 80' lang='lat' dir='ltr'>est</span> <span class='ocrx_word' id='word_1_223' title='bbox 723 3211 793 3259; x_wconf 86' lang='lat' dir='ltr'>puer·</span> <span class='ocrx_word' id='word_1_224' title='bbox 843 3196 917 3260; x_wconf 77' lang='lat' dir='ltr'>gustis</span> <span class='ocrx_word' id='word_1_225' title='bbox 934 3196 1020 3245; x_wconf 83' lang='lat' dir='ltr'>finibus</span> <span class='ocrx_word' id='word_1_226' title='bbox 1036 3195 1239 3253; x_wconf 67' lang='lat' dir='ltr'>circumscribere,</span> <span class='ocrx_word' id='word_1_227' title='bbox 1249 3210 1342 3243; x_wconf 77' lang='lat' dir='ltr'>mucu-</span> 
     </span>
     <span class='ocr_line' id='line_1_29' title="bbox 294 3267 1343 3334; baseline 0.005 -24"><span class='ocrx_word' id='word_1_228' title='bbox 294 3278 411 3329; x_wconf 80' lang='lat' dir='ltr'>porarum.</span> <span class='ocrx_word' id='word_1_229' title='bbox 446 3267 525 3314; x_wconf 77' lang='lat' dir='ltr'>Altera</span> <span class='ocrx_word' id='word_1_230' title='bbox 535 3283 591 3316; x_wconf 79' lang='lat' dir='ltr'>ron.</span> <span class='ocrx_word' id='word_1_231' title='bbox 608 3267 793 3326; x_wconf 76' lang='lat' dir='ltr'>Safftiusrertir,</span> <span class='ocrx_word' id='word_1_232' title='bbox 843 3269 892 3317; x_wconf 79' lang='lat' dir='ltr'>lam</span> <span class='ocrx_word' id='word_1_233' title='bbox 908 3280 1000 3318; x_wconf 80' lang='lat' dir='ltr'>tautum</span> <span class='ocrx_word' id='word_1_234' title='bbox 1016 3270 1107 3334; x_wconf 81' lang='lat' dir='ltr'>prolem</span> <span class='ocrx_word' id='word_1_235' title='bbox 1122 3283 1226 3333; x_wconf 68' lang='lat' dir='ltr'>sperare.</span> <span class='ocrx_word' id='word_1_236' title='bbox 1259 3268 1343 3316; x_wconf 70' lang='lat' dir='ltr'>sibiet</span> 
     </span>
     <span class='ocr_line' id='line_1_30' title="bbox 295 3339 1342 3407; baseline 0.002 -20"><span class='ocrx_word' id='word_1_237' title='bbox 295 3341 429 3387; x_wconf 78' lang='lat' dir='ltr'>einandrer</span> <span class='ocrx_word' id='word_1_238' title='bbox 441 3339 506 3388; x_wconf 70' lang='lat' dir='ltr'>Fau.</span> <span class='ocrx_word' id='word_1_239' title='bbox 539 3342 684 3398; x_wconf 80' lang='lat' dir='ltr'>Imo,sexus</span> <span class='ocrx_word' id='word_1_240' title='bbox 700 3342 791 3391; x_wconf 79' lang='lat' dir='ltr'>lernini-</span> <span class='ocrx_word' id='word_1_241' title='bbox 842 3343 873 3391; x_wconf 71' lang='lat' dir='ltr'>ud</span> <span class='ocrx_word' id='word_1_242' title='bbox 891 3343 992 3407; x_wconf 84' lang='lat' dir='ltr'>Ligdum</span> <span class='ocrx_word' id='word_1_243' title='bbox 1009 3353 1033 3391; x_wconf 85' lang='lat' dir='ltr'>et</span> <span class='ocrx_word' id='word_1_244' title='bbox 1049 3341 1248 3390; x_wconf 73' lang='lat' dir='ltr'>adrelethumn</span> <span class='ocrx_word' id='word_1_245' title='bbox 1265 3341 1342 3390; x_wconf 76' lang='lat' dir='ltr'>referri</span> 
     </span>
     <span class='ocr_line' id='line_1_31' title="bbox 296 3411 1217 3481; baseline 0 -19"><span class='ocrx_word' id='word_1_246' title='bbox 296 3411 452 3476; x_wconf 75' lang='lat' dir='ltr'>nurinlellig.</span> <span class='ocrx_word' id='word_1_247' title='bbox 484 3413 524 3462; x_wconf 85' lang='lat' dir='ltr'>Sic</span> <span class='ocrx_word' id='word_1_248' title='bbox 535 3431 580 3462; x_wconf 73' lang='lat' dir='ltr'>sorr</span> <span class='ocrx_word' id='word_1_249' title='bbox 591 3415 672 3471; x_wconf 76' lang='lat' dir='ltr'>etium,</span> <span class='ocrx_word' id='word_1_250' title='bbox 682 3415 718 3465; x_wconf 86' lang='lat' dir='ltr'>iii.</span> <span class='ocrx_word' id='word_1_251' title='bbox 729 3418 792 3476; x_wconf 79' lang='lat'><strong>³29;</strong></span> <span class='ocrx_word' id='word_1_252' title='bbox 842 3424 928 3481; x_wconf 80' lang='lat' dir='ltr'>polest.</span> <span class='ocrx_word' id='word_1_253' title='bbox 962 3418 1040 3474; x_wconf 74' lang='lat' dir='ltr'>Certo,</span> <span class='ocrx_word' id='word_1_254' title='bbox 1050 3413 1217 3463; x_wconf 78' lang='lat' dir='ltr'>immutabilis.</span> 
     </span>
    </p>

    <p class='ocr_par' dir='ltr' id='par_1_6' title="bbox 295 3485 1345 4148">
     <span class='ocr_line' id='line_1_32' title="bbox 295 3485 1340 3555; baseline 0.003 -21"><span class='ocrx_word' id='word_1_255' title='bbox 295 3485 328 3534; x_wconf 78' lang='lat' dir='ltr'>vi.</span> <span class='ocrx_word' id='word_1_256' title='bbox 339 3487 395 3533; x_wconf 83' lang='grc'>560.</span> <span class='ocrx_word' id='word_1_257' title='bbox 428 3486 463 3534; x_wconf 82' lang='lat' dir='ltr'>Ea</span> <span class='ocrx_word' id='word_1_258' title='bbox 481 3503 530 3536; x_wconf 77' lang='lat' dir='ltr'>sors</span> <span class='ocrx_word' id='word_1_259' title='bbox 546 3497 583 3536; x_wconf 80' lang='lat' dir='ltr'>ost</span> <span class='ocrx_word' id='word_1_260' title='bbox 599 3493 718 3547; x_wconf 75' lang='lat' dir='ltr'>onerosior,</span> <span class='ocrx_word' id='word_1_261' title='bbox 736 3491 793 3555; x_wconf 78' lang='lat' dir='ltr'>quia</span> <span class='ocrx_word' id='word_1_262' title='bbox 875 3492 932 3539; x_wconf 84' lang='grc'>663.</span> <span class='ocrx_word' id='word_1_263' title='bbox 951 3492 1021 3539; x_wconf 76' lang='lat' dir='ltr'>Ferre</span> <span class='ocrx_word' id='word_1_264' title='bbox 1031 3501 1131 3538; x_wconf 78' lang='lat' dir='ltr'>ventrem</span> <span class='ocrx_word' id='word_1_265' title='bbox 1142 3488 1236 3554; x_wconf 82' lang='lat' dir='ltr'>proprie</span> <span class='ocrx_word' id='word_1_266' title='bbox 1247 3488 1279 3537; x_wconf 88' lang='lat' dir='ltr'>de</span> <span class='ocrx_word' id='word_1_267' title='bbox 1289 3504 1340 3554; x_wconf 75' lang='lat' dir='ltr'>gra·</span> 
     </span>
     <span class='ocr_line' id='line_1_33' title="bbox 295 3560 1342 3628; baseline 0.005 -22"><span class='ocrx_word' id='word_1_268' title='bbox 295 3567 386 3625; x_wconf 75' lang='lat' dir='ltr'>putrem</span> <span class='ocrx_word' id='word_1_269' title='bbox 404 3576 451 3608; x_wconf 87' lang='lat' dir='ltr'>uon</span> <span class='ocrx_word' id='word_1_270' title='bbox 468 3560 580 3626; x_wconf 77' lang='lat' dir='ltr'>adjuvare</span> <span class='ocrx_word' id='word_1_271' title='bbox 597 3572 674 3628; x_wconf 77' lang='lat' dir='ltr'>polest</span> <span class='ocrx_word' id='word_1_272' title='bbox 691 3563 714 3611; x_wconf 90' lang='lat' dir='ltr'>in</span> <span class='ocrx_word' id='word_1_273' title='bbox 728 3564 793 3613; x_wconf 81' lang='lat' dir='ltr'>victu</span> <span class='ocrx_word' id='word_1_274' title='bbox 843 3562 914 3612; x_wconf 75' lang='lat' dir='ltr'>vidis.</span> <span class='ocrx_word' id='word_1_275' title='bbox 957 3564 1017 3611; x_wconf 78' lang='lat' dir='ltr'>Erat</span> <span class='ocrx_word' id='word_1_276' title='bbox 1029 3564 1138 3628; x_wconf 77' lang='lat' dir='ltr'>serendo,</span> <span class='ocrx_word' id='word_1_277' title='bbox 1160 3569 1254 3626; x_wconf 69' lang='lat' dir='ltr'>polemi</span> <span class='ocrx_word' id='word_1_278' title='bbox 1276 3562 1342 3618; x_wconf 81' lang='lat' dir='ltr'>serre,</span> 
     </span>
     <span class='ocr_line' id='line_1_34' title="bbox 295 3632 1341 3701; baseline 0.001 -19"><span class='ocrx_word' id='word_1_279' title='bbox 295 3632 431 3700; x_wconf 78' lang='lat' dir='ltr'>quaerendo.</span> <span class='ocrx_word' id='word_1_280' title='bbox 462 3635 524 3682; x_wconf 78' lang='lat' dir='ltr'>Vires</span> <span class='ocrx_word' id='word_1_281' title='bbox 535 3635 582 3685; x_wconf 91' lang='lat' dir='ltr'>dici</span> <span class='ocrx_word' id='word_1_282' title='bbox 592 3653 635 3701; x_wconf 92' lang='lat' dir='ltr'>pro</span> <span class='ocrx_word' id='word_1_283' title='bbox 646 3637 792 3701; x_wconf 85' lang='lat' dir='ltr'>patrimonio,</span> <span class='ocrx_word' id='word_1_284' title='bbox 844 3646 928 3685; x_wconf 77' lang='lat' dir='ltr'>utnon</span> <span class='ocrx_word' id='word_1_285' title='bbox 939 3640 1113 3686; x_wconf 72' lang='lat' dir='ltr'>soloendoesre:</span> <span class='ocrx_word' id='word_1_286' title='bbox 1131 3636 1204 3685; x_wconf 82' lang='lat' dir='ltr'>etium</span> <span class='ocrx_word' id='word_1_287' title='bbox 1220 3635 1341 3692; x_wconf 56' lang='lat' dir='ltr'>insuar.</span> 
     </span>
     <span class='ocr_line' id='line_1_35' title="bbox 295 3707 1345 3777; baseline 0 -19"><span class='ocrx_word' id='word_1_288' title='bbox 295 3709 388 3774; x_wconf 71' lang='lat' dir='ltr'>opibus,</span> <span class='ocrx_word' id='word_1_289' title='bbox 398 3707 485 3757; x_wconf 83' lang='lat' dir='ltr'>docent</span> <span class='ocrx_word' id='word_1_290' title='bbox 501 3709 640 3767; x_wconf 78' lang='lat' dir='ltr'>Gronovius,</span> <span class='ocrx_word' id='word_1_291' title='bbox 654 3712 792 3761; x_wconf 80' lang='lat' dir='ltr'>Observult.</span> <span class='ocrx_word' id='word_1_292' title='bbox 817 3761 819 3766; x_wconf 70' lang='grc'>,</span> <span class='ocrx_word' id='word_1_293' title='bbox 844 3712 902 3760; x_wconf 86' lang='grc'>403.</span> <span class='ocrx_word' id='word_1_294' title='bbox 922 3715 1027 3776; x_wconf 77' lang='lat' dir='ltr'>onerique</span> <span class='ocrx_word' id='word_1_295' title='bbox 1037 3712 1138 3777; x_wconf 75' lang='lat' dir='ltr'>ferendo</span> <span class='ocrx_word' id='word_1_296' title='bbox 1158 3718 1198 3759; x_wconf 73' lang='lat' dir='ltr'>ert.</span> <span class='ocrx_word' id='word_1_297' title='bbox 1235 3711 1278 3758; x_wconf 79' lang='lat' dir='ltr'>Vir</span> <span class='ocrx_word' id='word_1_298' title='bbox 1295 3720 1345 3758; x_wconf 69' lang='lat' dir='ltr'>erar</span> 
     </span>
     <span class='ocr_line' id='line_1_36' title="bbox 295 3781 1341 3851; baseline 0.002 -21"><span class='ocrx_word' id='word_1_299' title='bbox 295 3781 330 3830; x_wconf 83' lang='lat' dir='ltr'>ir.</span> <span class='ocrx_word' id='word_1_300' title='bbox 341 3783 381 3829; x_wconf 84' lang='lat'>29.</span> <span class='ocrx_word' id='word_1_301' title='bbox 398 3790 422 3829; x_wconf 80' lang='lat' dir='ltr'>et</span> <span class='ocrx_word' id='word_1_302' title='bbox 440 3782 590 3831; x_wconf 77' lang='lat' dir='ltr'>Burmannus</span> <span class='ocrx_word' id='word_1_303' title='bbox 609 3783 640 3832; x_wconf 78' lang='lat' dir='ltr'>od</span> <span class='ocrx_word' id='word_1_304' title='bbox 657 3785 680 3835; x_wconf 85' lang='lat' dir='ltr'>h.</span> <span class='ocrx_word' id='word_1_305' title='bbox 693 3784 712 3833; x_wconf 89' lang='lat' dir='ltr'>l.</span> <span class='ocrx_word' id='word_1_306' title='bbox 746 3785 793 3835; x_wconf 83' lang='lat' dir='ltr'>Sed</span> <span class='ocrx_word' id='word_1_307' title='bbox 843 3786 973 3851; x_wconf 81' lang='lat' dir='ltr'>proiectum</span> <span class='ocrx_word' id='word_1_308' title='bbox 992 3796 1028 3835; x_wconf 80' lang='lat' dir='ltr'>est</span> <span class='ocrx_word' id='word_1_309' title='bbox 1042 3803 1072 3834; x_wconf 83' lang='lat' dir='ltr'>ex</span> <span class='ocrx_word' id='word_1_310' title='bbox 1084 3785 1179 3849; x_wconf 81' lang='lat' dir='ltr'>ingenio</span> <span class='ocrx_word' id='word_1_311' title='bbox 1194 3783 1289 3833; x_wconf 76' lang='lat' dir='ltr'>Heinsii</span> <span class='ocrx_word' id='word_1_312' title='bbox 1302 3783 1341 3849; x_wconf 90' lang='lat' dir='ltr'>qui</span> 
     </span>
     <span class='ocr_line' id='line_1_37' title="bbox 297 3853 1343 3925; baseline 0.002 -21"><span class='ocrx_word' id='word_1_313' title='bbox 297 3853 422 3904; x_wconf 82' lang='lat' dir='ltr'>duodecim</span> <span class='ocrx_word' id='word_1_314' title='bbox 433 3855 495 3903; x_wconf 81' lang='lat' dir='ltr'>MSS</span> <span class='ocrx_word' id='word_1_315' title='bbox 507 3857 605 3913; x_wconf 81' lang='lat' dir='ltr'>liabent,</span> <span class='ocrx_word' id='word_1_316' title='bbox 616 3868 702 3906; x_wconf 73' lang='lat' dir='ltr'>natura</span> <span class='ocrx_word' id='word_1_317' title='bbox 715 3869 793 3923; x_wconf 81' lang='lat' dir='ltr'>negat,</span> <span class='ocrx_word' id='word_1_318' title='bbox 843 3859 878 3908; x_wconf 80' lang='lat' dir='ltr'>ito</span> <span class='ocrx_word' id='word_1_319' title='bbox 885 3860 977 3925; x_wconf 75' lang='lat' dir='ltr'>scripsit</span> <span class='ocrx_word' id='word_1_320' title='bbox 985 3877 1027 3925; x_wconf 92' lang='lat' dir='ltr'>pro</span> <span class='ocrx_word' id='word_1_321' title='bbox 1034 3861 1100 3924; x_wconf 84' lang='lat' dir='ltr'>vulg.</span> <span class='ocrx_word' id='word_1_322' title='bbox 1108 3868 1207 3914; x_wconf 73' lang='lat' dir='ltr'>vexerat,</span> <span class='ocrx_word' id='word_1_323' title='bbox 1216 3857 1281 3922; x_wconf 89' lang='lat' dir='ltr'>quod</span> <span class='ocrx_word' id='word_1_324' title='bbox 1287 3871 1343 3906; x_wconf 77' lang='lat' dir='ltr'>mne</span> 
     </span>
     <span class='ocr_line' id='line_1_38' title="bbox 297 3930 1345 3998; baseline 0.001 -19"><span class='ocrx_word' id='word_1_325' title='bbox 297 3930 361 3996; x_wconf 86' lang='lat' dir='ltr'>quod</span> <span class='ocrx_word' id='word_1_326' title='bbox 375 3930 458 3994; x_wconf 79' lang='lat' dir='ltr'>probat</span> <span class='ocrx_word' id='word_1_327' title='bbox 470 3931 591 3980; x_wconf 82' lang='lat' dir='ltr'>Heinsius.</span> <span class='ocrx_word' id='word_1_328' title='bbox 623 3933 735 3981; x_wconf 86' lang='lat' dir='ltr'>Conditio</span> <span class='ocrx_word' id='word_1_329' title='bbox 752 3950 792 3982; x_wconf 81' lang='lat' dir='ltr'>nu·</span> <span class='ocrx_word' id='word_1_330' title='bbox 844 3932 897 3982; x_wconf 79' lang='lat' dir='ltr'>ferri</span> <span class='ocrx_word' id='word_1_331' title='bbox 913 3935 1006 3998; x_wconf 83' lang='lat' dir='ltr'>nequit.</span> <span class='ocrx_word' id='word_1_332' title='bbox 1040 3935 1103 3981; x_wconf 77' lang='lat' dir='ltr'>Nam</span> <span class='ocrx_word' id='word_1_333' title='bbox 1116 3932 1160 3981; x_wconf 79' lang='lat' dir='ltr'>etsi</span> <span class='ocrx_word' id='word_1_334' title='bbox 1176 3933 1255 3981; x_wconf 65' lang='lat' dir='ltr'>velum</span> <span class='ocrx_word' id='word_1_335' title='bbox 1268 3931 1345 3986; x_wconf 63' lang='lat' dir='ltr'>intem</span> 
     </span>
     <span class='ocr_line' id='line_1_39' title="bbox 297 4003 1343 4073; baseline 0 -18"><span class='ocrx_word' id='word_1_336' title='bbox 297 4015 355 4055; x_wconf 76' lang='lat' dir='ltr'>ture</span> <span class='ocrx_word' id='word_1_337' title='bbox 367 4003 489 4053; x_wconf 81' lang='lat' dir='ltr'>muliebris</span> <span class='ocrx_word' id='word_1_338' title='bbox 500 4015 571 4069; x_wconf 79' lang='lat' dir='ltr'>negat</span> <span class='ocrx_word' id='word_1_339' title='bbox 583 4006 650 4064; x_wconf 82' lang='lat' dir='ltr'>vires,</span> <span class='ocrx_word' id='word_1_340' title='bbox 659 4024 706 4072; x_wconf 92' lang='lat' dir='ltr'>quo</span> <span class='ocrx_word' id='word_1_341' title='bbox 717 4008 794 4058; x_wconf 85' lang='lat' dir='ltr'>minus</span> <span class='ocrx_word' id='word_1_342' title='bbox 843 4008 900 4057; x_wconf 89' lang='lat' dir='ltr'>dum</span> <span class='ocrx_word' id='word_1_343' title='bbox 909 4025 950 4073; x_wconf 92' lang='lat' dir='ltr'>pro</span> <span class='ocrx_word' id='word_1_344' title='bbox 959 4019 1050 4073; x_wconf 80' lang='lat' dir='ltr'>portare</span> <span class='ocrx_word' id='word_1_345' title='bbox 1058 4007 1154 4064; x_wconf 80' lang='lat' dir='ltr'>dicitur,</span> <span class='ocrx_word' id='word_1_346' title='bbox 1162 4005 1343 4071; x_wconf 73' lang='lat' dir='ltr'>mmenfmndo</span> 
     </span>
     <span class='ocr_line' id='line_1_40' title="bbox 297 4078 1256 4148; baseline 0.001 -20"><span class='ocrx_word' id='word_1_347' title='bbox 297 4095 393 4145; x_wconf 73' lang='lat' dir='ltr'>operam</span> <span class='ocrx_word' id='word_1_348' title='bbox 401 4078 544 4128; x_wconf 75' lang='lat' dir='ltr'>filianavare</span> <span class='ocrx_word' id='word_1_349' title='bbox 552 4082 627 4144; x_wconf 74' lang='lat' dir='ltr'>possit</span> <span class='ocrx_word' id='word_1_350' title='bbox 635 4083 703 4147; x_wconf 81' lang='lat' dir='ltr'>patri.</span> <span class='ocrx_word' id='word_1_351' title='bbox 715 4083 794 4133; x_wconf 84' lang='lat' dir='ltr'>Etiam</span> <span class='ocrx_word' id='word_1_352' title='bbox 844 4084 922 4132; x_wconf 78' lang='lat' dir='ltr'>vehere</span> <span class='ocrx_word' id='word_1_353' title='bbox 933 4083 1029 4139; x_wconf 87' lang='lat' dir='ltr'>nemini,</span> <span class='ocrx_word' id='word_1_354' title='bbox 1041 4083 1131 4148; x_wconf 84' lang='lat' dir='ltr'>opinor,</span> <span class='ocrx_word' id='word_1_355' title='bbox 1141 4080 1256 4147; x_wconf 71' lang='lat' dir='ltr'>placebit.</span> 
     </span>
    </p>

    <p class='ocr_par' dir='ltr' id='par_1_7' title="bbox 298 4152 1341 4221">
     <span class='ocr_line' id='line_1_41' title="bbox 298 4152 1341 4221; baseline -0.002 -17"><span class='ocrx_word' id='word_1_356' title='bbox 298 4155 373 4205; x_wconf 81' lang='lat' dir='ltr'>Gron.</span> <span class='ocrx_word' id='word_1_357' title='bbox 383 4156 444 4204; x_wconf 81' lang='lat' dir='ltr'>Obs.</span> <span class='ocrx_word' id='word_1_358' title='bbox 456 4154 481 4204; x_wconf 83' lang='lat' dir='ltr'>ii.</span> <span class='ocrx_word' id='word_1_359' title='bbox 494 4157 750 4221; x_wconf 73' lang='lat' dir='ltr'>12.praelert,norora.</span> <span class='ocrx_word' id='word_1_360' title='bbox 874 4152 1341 4218; x_wconf 67' lang='lat' dir='ltr'>ooo.1naclisanr0tm‚orc]sn</span> 
     </span>
    </p>
   </div>
   <div class='ocr_carea' id='block_1_4' title="bbox 0 0 1402 5004">
    <p class='ocr_par' dir='ltr' id='par_1_8' title="bbox 0 0 1402 5004">
     <span class='ocr_line' id='line_1_42' title="bbox 0 0 1402 5004; baseline 0 0"><span class='ocrx_word' id='word_1_361' title='bbox 0 0 1402 5004; x_wconf 95' lang='lat' dir='ltr'> </span> 
     </span>
    </p>
   </div>
  </div>
 </body>
</html>
