2774 5004
281 306 328 371 70
577 300 618 366 Ρ.
641 297 804 366 0le11
828 297 1042 365 NASONIS

280 476 539 575 Oppugnent3
567 484 697 548 manet
714 474 790 562 ille,
806 496 954 571 suoque
971 482 1031 545 est
1047 470 1220 570 pondere
1231 467 1327 543 'tuto

282 590 525 685 Digredimur
542 589 709 687 paulum,
728 612 953 686 rursumque
978 587 1027 661 ud
1044 587 1147 662 belle
1163 586 1327 672 mimum

280 706 405 803 inque
422 704 541 801 gradu
560 705 746 791 stetimus,
765 703 857 778 certi
877 728 952 777 non
969 704 1128 792 cedere;
1149 713 1308 798 eratque

282 821 381 895 Cum
395 821 494 918 pede
505 845 574 917 pes
582 821 759 916 junctus:
777 830 935 916 totoque
947 844 1018 915 ego
1030 829 1186 917 pectore
1193 839 1329 916 pronus

280 935 482 1032 Edigitoe
492 936 683 1031 digitis‚et
694 935 854 1008 frontem
865 935 987 1008 fronte
997 935 1232 1032 premebam,
1283 936 1327 1004 45

280 1050 318 1125 N
321 1076 369 1125 on
385 1050 494 1124 aliter
510 1049 624 1125 fortes
640 1051 716 1125 vidi
733 1073 955 1124 concurrere
971 1061 1111 1134 tauros,

280 1165 406 1251 Quum
425 1166 588 1263 pretium
606 1189 756 1264 pugnae,
775 1175 855 1238 toto
874 1164 1100 1237 nitidissima
1117 1163 1232 1248 saltu,

279 1282 481 1382 Expetitur
498 1285 661 1379 conjux:
683 1291 861 1380 spectant
879 1291 1059 1365 armenta,
1079 1288 1297 1376 paventque

279 1397 422 1472 Nescia
438 1422 555 1495 quem
575 1409 728 1472 maneat
745 1398 842 1471 tanti
859 1396 1016 1470 victoria
1033 1393 1153 1490 regni.

277 1511 352 1589 Ter
366 1514 448 1591 sine
470 1513 642 1613 prosectu
660 1513 778 1593 voluit
796 1511 955 1585 nitentia
972 1521 1103 1584 contra
1283 1510 1329 1580 50

279 1767 334 1819 Nisi
350 1767 438 1816 Noster
453 1769 558 1832 respexit
568 1768 666 1817 AEneid.
680 1786 705 1818 s.
717 1770 777 1819 693.
827 1770 875 1818 217
894 1784 948 1833 sqq.
957 1786 965 1828 ;
986 1765 1068 1816 confer
1086 1764 1171 1814 Amor.
1186 1763 1224 1813 ΙΙ.
1240 1763 1281 1812 sii.
1298 1764 1328 1811 ’10

278 1842 320 1892 ubi
334 1841 366 1890 de
383 1841 501 1892 Mezentio
517 1851 653 1907 pugnante:
673 1843 777 1898 Illam·
827 1858 881 1907 sqq.
913 1841 961 1890 Sed
979 1841 1066 1888 Noster
1084 1853 1149 1887 nune
1165 1837 1272 1902 respexit
1287 1837 1328 1884 AE·

278 1917 315 1964 lut
328 1931 403 1975 rupes,
414 1923 501 1963 vastum
512 1932 560 1978 que
569 1918 646 1977 prodit
657 1919 682 1964 in
693 1933 777 1981 equor,
828 1914 894 1966 ueid.
910 1914 954 1964 xii.
970 1915 1018 1964 715
1034 1930 1102 1978 sqq.:
1123 1913 1202 1966 Quum
1217 1914 1264 1959 duo
1278 1926 1327 1958 eos-

279 1988 778 2054 Oduiuoentorumfuriir,e1porlaqueponro,
828 1992 897 2038 versis
912 1991 1005 2038 inimico
1019 1992 1044 2036 irs
1059 1987 1143 2049 proelln
1157 1987 1223 2034 tritri
1236 1984 1327 2032 Fronti-

278 2070 326 2112 ete.
344 2063 433 2118 Mouet,
446 2071 472 2111 ut
482 2061 499 2110 i.
510 2064 567 2111 288.
829 2066 869 2112 lus
879 2067 1014 2117 irreorruot,
1023 2063 1103 2122 pauidi
1112 2076 1196 2108 cesare
1211 2061 1328 2123 magistri:

310 2137 352 2185 40.
369 2136 469 2192 Bellum,
480 2144 507 2183 ut
518 2136 635 2202 πόλεμος,
648 2137 680 2186 de
690 2153 780 2202 pugne.
829 2136 881 2185 Stet
891 2153 959 2199 perere
969 2152 1032 2184 eserie
1043 2144 1105 2182 meto
1122 2143 1209 2189 tutum,
1219 2141 1330 2182 muud-

281 2209 381 2266 (lor'mus,
393 2209 565 2273 congredimur.
587 2211 682 2260 Terent.
690 2212 735 2260 ΡΙ).
744 2212 779 2261 11.
829 2228 871 2273 poe
882 2214 998 2273 juvem,
1021 2209 1079 2263 Quo
1098 2210 1187 2256 nemori
1208 2209 1329 2270 imperitet,

277 2282 304 2334 ii.
315 2285 355 2332 ³2.
364 2287 441 2346 primu
452 2285 693 2335 coitioertorem'mo.
717 2285 779 2334 Gru·
828 2302 892 2348 quem
907 2295 955 2333 toto
968 2293 1073 2332 amulo
1087 2293 1224 2347 ametur.
1254 2287 1330 2336 Fortes

277 2360 322 2408 due
331 2357 395 2407 idem
403 2356 467 2423 quod
478 2367 555 2407 status
563 2358 714 2408 luctantium.
732 2359 778 2408 Co-
829 2359 867 2407 vel
888 2359 920 2408 ed
941 2368 1029 2414 matrs,
1048 2359 1095 2414 rel,
1113 2366 1140 2405 ut
1162 2356 1208 2405 hoo
1228 2356 1281 2406 looo
1299 2355 1330 2405 ed

277 2431 396 2481 debentur
411 2430 575 2481 adversarium
586 2434 614 2480 de
629 2435 708 2496 gradu
720 2435 778 2495 deji-
827 2449 942 2500 pugnem,
955 2435 1041 2500 passim
1054 2440 1167 2483 roesntur
1180 2432 1252 2480 lauri.
1266 2433 1329 2481 Cos·

277 2522 336 2555 eene.
371 2507 444 2562 Certi,
460 2505 540 2555 animo
558 2507 593 2556 eie
608 2507 779 2563 obfirmarem
828 2524 922 2556 currere
939 2507 1044 2557 aliosde
1060 2506 1161 2570 integris
1177 2505 1328 2560 exercitibus,

277 2595 327 2631 non
337 2580 484 2629 cederemus.
500 2577 589 2644 Virgil.
601 2581 778 2644 Georgium.
828 2596 891 2630 nuno
909 2581 940 2629 de
956 2580 1070 2644 singulari
1086 2579 1227 2636 certamine,
1238 2588 1265 2628 ut
1279 2578 1330 2628 xiii.

277 2656 506 2705 oloiriuorrcedrrr.
533 2655 591 2703 Cum
598 2656 654 2716 pede
664 2671 701 2716 pes
702 2657 777 2717 jum.
828 2656 869 2703 00.
896 2654 1154 2719 Ρτιεὶιιηι,ρῐεωίιιω.
1183 2653 1329 2701 Nilidieria

276 2738 321 2787 arr,
340 2739 388 2778 etc.
422 2729 462 2781 Ito
481 2729 656 2794 deeoripserunt
676 2731 776 2779 Veteres
827 2728 921 2793 proprie
932 2728 963 2778 de
973 2726 1149 2793 pulchritudine
1157 2727 1330 2791 juveneorum

275 2803 348 2854 etium
365 2803 482 2852 acerrima
494 2804 634 2853 certamine.
660 2803 777 2868 Tyrtmus,
827 2802 935 2853 declaret
944 2803 1008 2852 enim
1022 2810 1046 2850 et
1057 2801 1225 2866 pinguedinem
1236 2811 1261 2850 et
1272 2800 1329 2850 inde

276 2893 302 2942 p.
315 2879 377 2927 101:
391 2877 442 2926 Καὶ
454 2875 520 2927 πόδα
530 2877 588 2941 παρ’
601 2875 658 2926 ποδὶ
668 2878 726 2935 θεὶς,
736 2877 778 2926 eui
827 2877 942 2926 orientem
962 2877 1070 2932 nitorem,
1087 2891 1151 2941 serpe
1167 2876 1241 2924 etism
1258 2876 1328 2924 simul

278 2949 317 3003 ἐπ’
334 2948 444 3008 ἀσπίδος
457 2949 543 2999 ἀσπίδ’
553 2951 657 3015 ἐρείσας,
674 2960 721 2999 etc.
737 2950 778 2999 ubi
828 2951 924 3000 niveum
936 2952 1037 2999 colorem
1048 2970 1053 2999 :
1066 2949 1160 2999 vidend
1168 2950 1185 2997 i.
1193 2950 1250 2998 610.
1269 2950 1329 2997 Coe·

279 3022 328 3071 uid.
349 3022 461 3081 Klotius;
488 3023 537 3071 vid.
555 3024 627 3075 etium
654 3024 777 3073 Freinshe-
820 3027 869 3086 jur
883 3023 1137 3080 devsooe,utuirrle
1153 3023 1328 3082 tauro,i.660;

278 3095 341 3144 mins
361 3094 393 3142 sd
415 3094 533 3151 Curtium,
555 3096 603 3144 111.
622 3096 654 3145 iv.
675 3101 699 3146 ὁ.
732 3097 778 3146 Sed
828 3102 975 3154 elmericus,
993 3097 1221 3163 deeepro,Horst.
1238 3097 1262 3145 1.
1280 3096 1329 3146 Od.

276 3181 341 3217 nune
355 3165 396 3216 ille
411 3167 479 3216 ardor
494 3167 670 3217 accommodste
681 3169 712 3219 ed
727 3170 777 3220 luo·
827 3171 886 3220 xvii.
905 3172 928 3219 7.
962 3172 1048 3227 Sallen,
1067 3185 1170 3235 pascus:
1189 3168 1245 3218 vide
1262 3170 1328 3218 Fut.

277 3247 327 3293 tem
349 3247 453 3289 notatus.
488 3241 545 3290 Vid.
565 3241 637 3291 etiam
655 3242 777 3307 Virgilius,
829 3243 856 3294 h.
876 3263 900 3294 v.
939 3247 1017 3311 Regni
1038 3245 1147 3310 probavit
1167 3246 1328 3301 Burmannus,

276 3314 533 3364 transnominaret
547 3318 604 3378 pede
620 3334 667 3378 per,
685 3320 777 3367 demus-
827 3318 892 3376 ideo,
916 3321 973 3384 quia
991 3319 1115 3374 l’haedrus,
1133 3318 1154 3366 1.
1171 3319 1220 3366 leb.
1237 3319 1279 3366 00.
1296 3317 1327 3367 de

276 3404 319 3450 que
336 3392 385 3437 viro
403 3391 449 3444 uir,
468 3398 517 3437 etc.
553 3390 654 3441 Pronus.
667 3390 729 3440 Vide
746 3393 777 3441 ad
827 3403 895 3442 teuro
911 3394 1266 3458 disitpulrusregnonersorie.
1292 3391 1326 3440 At

276 3463 369 3513 neor.
403 3461 511 3511 Frontem
524 3463 623 3527 froom
641 3464 697 3513 hinc
715 3483 776 3531 pug-
825 3467 858 3515 ibi
874 3469 942 3531 longe
958 3466 1140 3516 alieseuteutie.
1173 3465 1264 3515 Melius
1274 3466 1324 3515 leu-

277 3539 360 3586 untia
376 3551 451 3585 urum
458 3536 580 3601 frontibus
596 3541 705 3595 aduersis,
718 3556 775 3588 oon·
824 3540 904 3592 dltset
916 3541 1052 3605 Virgilium,
1064 3542 1151 3605 Georg.
1164 3539 1200 3588 iii.
1211 3541 1269 3589 228.
1283 3539 1325 3588 ubi

275 3608 357 3658 truie.
375 3607 459 3657 Horat.
469 3610 490 3658 I.
500 3611 550 3658 Set.
561 3611 577 3659 i.
590 3613 645 3660 102.
824 3622 907 3664 tourus
917 3615 994 3664 vietus
1005 3615 1047 3664 teli
1057 3614 1139 3680 prelio
1150 3617 1227 3679 reguis
1238 3615 1325 3662 excedit

308 3682 349 3733 46.
372 3682 425 3730 Nou
452 3683 530 3740 aliter,
552 3684 611 3747 eto]
640 3684 775 3735 Similitudo
825 3692 907 3737 avitis:
921 3690 996 3738 vietor
1007 3689 1069 3737 euim
1080 3688 1151 3736 simul
1162 3703 1204 3736 res
1215 3688 1325 3737 armenti.

275 3757 338 3806 bene
355 3755 458 3810 delecte,
475 3756 533 3820 quie
550 3768 574 3806 et
591 3757 653 3807 tauri
670 3757 701 3807 de
719 3775 775 3808 cou-
857 3766 899 3812 50.
913 3763 1045 3826 Neronem]
1057 3763 1154 3810 Pectora
1165 3765 1325 3810 numilem·

273 3829 332 3896 juge
347 3837 448 3884 certent,
460 3839 485 3878 et
497 3830 555 3895 quie
569 3831 691 3882 Achelous
702 3833 774 3881 inter·
827 3846 872 3892 rra,
895 3838 1011 3898 ampleror
1031 3845 1057 3884 et
1077 3852 1148 3883 mnu
1165 3851 1253 3899 mogus
1271 3851 1325 3901 pers

277 3905 335 3954 dum
350 3903 448 3952 armenti
466 3902 652 3961 domminus.
684 3907 774 3971 Hujus·
824 3909 971 3960 luctationis.
1021 3909 1157 3973 Eleganter,
1185 3911 1249 3957 ensis
1277 3927 1324 3956 ora·

275 3978 342 4029 modi
353 3987 432 4029 sutem
442 3986 562 4029 taurorum
573 3978 680 4043 prelium
691 3980 721 4029 de
729 3980 775 4030 sor·
822 3985 910 4045 pleros,
928 3999 970 4049 pro
989 3999 1037 4048 quo
1053 3986 1108 4032 mox
1126 3985 1183 4031 solui
1200 4000 1216 4029 o
1235 3998 1324 4044 corpere

276 4051 409 4107 merissima
425 4052 530 4118 juvenes
547 4052 640 4119 copiose
658 4065 683 4103 et
697 4056 776 4105 excel·
825 4075 911 4116 nexus,-
929 4057 1029 4109 Heroid.
1041 4057 1091 4107 xiii.
1102 4058 1140 4107 11.
1151 4059 1261 4106 wlorrol
1277 4075 1324 4106 en·

277 4126 353 4180 lenter
371 4126 485 4179 denubit
498 4128 623 4193 Virgilius,
638 4130 727 4194 Georg.
741 4130 775 4183 iii.
824 4133 909 4193 plesu3
932 4131 986 4181 Cic.
1011 4132 1079 4181 Verr.
1094 4148 1117 4179 r.
1138 4132 1181 4180 50.
1200 4146 1283 4179 essum
1303 4144 1325 4177 u
