2774 5004
296 350 361 414 242
589 345 627 408 Ρ.
652 343 813 410 OVIDII
838 343 1047 410 NASONIS

302 520 445 594 Evocat
464 518 644 591 Auroram
660 545 670 606 ;
701 541 770 590 nec
788 541 881 591 voce
900 518 1048 591 silentia
1066 526 1266 614 rumpunt

302 633 508 707 Sollicitive
527 655 653 717 carrea,
672 632 875 707 canibusve
893 631 1063 727 sagacior
1081 653 1206 702 anser.

301 749 388 822 Non
403 747 492 833 sera,
508 772 581 820 non
596 748 776 844 pecudes,
789 772 862 820 non
877 747 967 820 moti
982 746 1134 819 flamine
1150 744 1256 827 rami,
1272 748 1333 816 600

302 862 533 937 Humanaeve
552 886 685 935 sonum
703 863 866 936 reddunt
879 862 1047 935 convicia
1061 861 1217 955 linguae.

302 977 414 1052 Muta
430 977 538 1074 quies
556 977 721 1051 habitat:
751 1001 843 1051 saxo
861 987 987 1051 tamen
1004 976 1084 1049 exit
1103 976 1151 1047 ab
1174 974 1249 1047 imo

303 1092 421 1166 Rivus
440 1116 548 1188 aquae
568 1091 727 1179 Lethes;
756 1116 825 1189 per
842 1115 955 1188 quem
973 1114 1060 1164 cum
1083 1113 1277 1163 murmure
1293 1090 1336 1162 la·

303 1207 442 1282 Invitat
459 1232 611 1281 somnos
629 1208 898 1305 crepitantibus
916 1208 1017 1281 unda
1033 1206 1187 1304 lapillis.
1239 1206 1338 1302 [bens

303 1322 404 1397 Ante
421 1322 519 1395 fores
539 1324 634 1396 antri
653 1321 826 1397 soecunda
843 1347 1030 1421 papavera
1046 1322 1195 1406 florent,
1275 1323 1338 1394 605

305 1436 594 1534 Innumeraeque
611 1436 750 1521 herbae,
770 1461 928 1535 quarum
947 1438 995 1509 de
1013 1436 1112 1509 lacte
1130 1458 1305 1533 soporem
1380 1454 1383 1539 ξ

303 1675 366 1724 srepe
378 1659 515 1725 simpliciter
525 1659 593 1725 ὄρνις
607 1669 631 1708 et
643 1662 689 1708 ales
704 1659 799 1709 dicitur.
850 1662 908 1709 AEu.
918 1677 941 1707 v.
954 1660 1010 1707 854.
1020 1659 1134 1706 laetlrcom
1142 1675 1226 1721 uquam
1237 1657 1340 1724 inspergit

304 1733 351 1781 Pro
361 1736 469 1781 cristatas
479 1735 525 1781 oles
533 1733 593 1782 dixit
601 1737 690 1782 cristati
698 1736 801 1782 euntibus
850 1733 874 1780 in
881 1732 961 1781 oculos
966 1730 1081 1779 Palinuri.
1090 1730 1145 1796 lpse
1151 1731 1342 1780 &assulatim

304 1805 423 1869 cataonia
433 1806 537 1869 olmjam
548 1815 644 1855 omatus
654 1814 691 1855 est
701 1822 743 1855 suo
751 1806 801 1871 epi·
851 1806 941 1869 Georg.
957 1804 973 1852 i.
984 1806 1024 1852 87.
1057 1804 1130 1869 Apud
1141 1804 1219 1869 Orph.
1232 1811 1265 1854 ll.
1276 1807 1314 1854 84.
1323 1808 1342 1854 Β.

303 1877 378 1926 theto.
412 1878 532 1927 Lucienus
542 1879 575 1927 ibi
590 1881 656 1945 pouit
665 1880 722 1944 galli
733 1878 803 1944 galli·
851 1883 952 1928 Somnus
961 1886 999 1927 est
1012 1879 1084 1926 frater
1099 1876 1195 1928 lethu.
1229 1879 1342 1927 Nolieun

305 1950 374 1999 nacci
391 1950 513 2016 templum,
529 1961 553 1999 et
571 1952 595 2000 in
612 1952 673 2001 silva
692 1968 802 2016 magnam
853 1951 951 2001 Banbio
972 1960 997 2001 et
1016 1952 1154 1999 Burmanno
1178 1951 1267 2000 offendi
1287 1956 1343 2001 aad«

306 2024 497 2088 vespertilionum
518 2025 576 2073 vim.
610 2025 682 2090 Apud
701 2026 803 2074 Statium
851 2030 977 2088 perriuum
988 2027 1150 2081 labentum
1165 2025 1267 2075 lertboc
1277 2043 1345 2076 seruo

306 2104 358 2144 atra
374 2097 446 2145 boum
463 2106 570 2145 armenta
587 2098 612 2145 in
628 2098 733 2162 gramine
751 2100 803 2163 qui-
855 2101 957 2149 Romam
977 2100 1091 2165 poeticus,
1118 2097 1160 2162 qui
1188 2114 1253 2164 saepe
1275 2104 1345 2149 rim

305 2177 397 2218 munt.
442 2169 527 2217 Euocat
554 2186 567 2219 e
595 2171 654 2219 mari
682 2174 803 2229 Auroram,
854 2190 916 2234 corte
933 2172 999 2227 dicit,
1013 2171 1054 2220 ubi
1067 2174 1130 2233 ripas
1148 2173 1307 2236 expecthsses,
1322 2183 1346 2222 ut

307 2256 361 2305 quia
372 2241 478 2306 sequitur
489 2242 541 2306 ejus
551 2252 654 2292 cantum.
680 2243 803 2308 Virgilius,
854 2246 917 2311 apud
927 2246 1058 2301 Tibullum,
1071 2246 1092 2293 Ι.
1103 2245 1120 2293 i.
1131 2247 1173 2294 28.
1190 2245 1270 2295 licuit
1280 2248 1346 2296 etiam

310 2314 398 2378 Georg.
414 2315 431 2364 i.
448 2318 504 2366 ³88.
521 2328 584 2366 uocat
600 2320 702 2379 ptumum
719 2323 805 2370 corais.
854 2319 962 2383 Virgilio,
972 2319 1061 2382 Georg.
1072 2319 1097 2366 ii.
1108 2320 1165 2367 460.
1176 2318 1265 2376 dicere.
1276 2322 1347 2370 Tellus

308 2386 415 2445 Solliciti,
433 2388 564 2452 vigilaces3
582 2391 653 2439 etiam
672 2391 760 2447 Livius,
778 2411 803 2442 v.
846 2392 934 2456 suadit
952 2395 1019 2441 humo
1032 2394 1126 2447 emtum,
1142 2393 1185 2440 ubi
1203 2392 1257 2442 vide
1273 2396 1347 2459 Heyu.

307 2461 348 2509 47.
361 2461 433 2510 Canes
442 2464 567 2511 sollicitum
576 2468 607 2512 ad
617 2477 737 2514 nocturnos
747 2478 803 2516 stre·

306 2536 370 2595 pltat
385 2536 479 2584 animal.
513 2537 603 2586 Eodem
619 2553 682 2586 nunc
696 2539 757 2588 redit
768 2557 803 2588 sa-

306 2625 360 2671 gax,
370 2609 411 2673 qui
423 2608 493 2658 lacile
506 2610 671 2659 animadvertit
684 2613 804 2678 strepitus.

308 2682 395 2745 Neque
403 2698 458 2731 vero
466 2683 505 2731 hic
515 2684 616 2748 respexit
625 2685 655 2733 ad
664 2687 725 2734 solos
733 2687 804 2752 Capi·

308 2755 360 2804 tulii
387 2772 481 2805 anseres
503 2765 607 2822 tempore
628 2759 725 2815 Manlii,
749 2771 805 2810 tunc

309 2829 372 2876 enim
390 2829 520 2893 importune
541 2831 586 2878 hoc
607 2842 669 2881 mser
690 2833 805 2890 additum,

308 2902 349 2948 sed
377 2904 472 2951 omnino
496 2904 525 2951 ad
554 2914 661 2954 naturam
687 2922 805 2955 anserum.

310 2974 373 3022 Vide
384 2976 414 3022 ad
425 2976 476 3023 viii.
488 2977 544 3025 684.

341 3049 398 3095 600.
421 3049 471 3096 Non
483 3051 550 3113 sero.
572 3052 631 3113 etc]
666 3053 722 3100 Post
744 3052 805 3101 huuc

309 3136 402 3170 versum
420 3122 500 3185 plures
519 3125 556 3186 (et
575 3133 652 3171 noster
673 3125 763 3189 Regius
784 3127 805 3173 B

308 3195 381 3252 solus,
398 3206 423 3244 et
436 3196 497 3245 inter
510 3197 598 3256 lineas)
614 3199 759 3262 subjungunt
775 3200 805 3248 is·

309 3274 368 3323 tum,
392 3268 497 3317 Garruio
520 3288 558 3318 uec
578 3272 666 3320 Procne
687 3277 805 3321 stertentis

308 3349 407 3398 pectora,
419 3352 461 3389 aut
471 3361 572 3404 romono,
584 3347 676 3394 mulcet.
693 3347 805 3396 Pessime.

311 3409 388 3459 Recte
415 3413 535 3471 Heinsius,
555 3416 575 3462 si
598 3418 695 3474 mulcet,
721 3419 806 3483 inquit,

311 3481 402 3532 Procne
413 3487 534 3534 stertentis
545 3499 646 3550 pectora,
659 3489 717 3537 nihil
728 3506 805 3541 causa

310 3562 354 3610 est,
375 3571 416 3603 cur
438 3557 493 3605 hinc
515 3559 645 3621 ablegetur.
689 3563 806 3620 Castricio,

310 3641 390 3675 voces.
424 3630 498 3677 Notat
512 3632 662 3680 Burmannus
672 3634 806 3692 Paulinum,

311 3699 387 3764 Epist.
398 3701 415 3749 i.
428 3701 458 3748 ad
466 3702 524 3751 Aul.
531 3705 672 3769 expressisse
684 3706 731 3755 h.l.
744 3710 807 3757 Dum

313 3773 369 3820 levio
382 3775 484 3823 humane
495 3781 575 3824 nutuit
586 3783 687 3845 convicio
698 3784 790 3846 lingue.

344 3845 402 3895 603.
412 3847 484 3895 Rivus
491 3867 552 3910 opita
562 3851 663 3914 Lethea]
683 3854 746 3910 Quia
755 3855 807 3904 dor·

311 3918 410 3969 mientes
425 3920 595 3971 obliviscuntur
607 3940 723 3982 curamm,
739 3944 807 3994 prop·

310 4002 375 4041 terea
385 3996 448 4041 rivas
463 3994 543 4043 Lethes
557 4004 610 4044 ante
626 4000 705 4047 Somm
720 4001 806 4051 aulam.

311 4065 335 4113 A
352 4066 498 4116 Callimacho
515 4068 538 4117 h.
556 4070 612 4119 Del.
629 4088 677 4121 ver.
688 4075 745 4121 234.
761 4076 805 4135 λη-

310 4139 384 4189 θαῑον
393 4142 485 4206 πτερὸν
493 4141 517 4193 ei
526 4142 642 4194 tribuitur.
658 4146 732 4213 Apud
741 4148 807 4212 Virg.

855 2465 922 2514 Idem
935 2468 1026 2529 Georg.
1038 2467 1069 2514 iv.
1081 2468 1139 2514 457.
1147 2466 1238 2531 sugere
1251 2470 1347 2533 peryle·

854 2541 916 2585 mino
924 2539 1004 2603 pro,in
1016 2538 1067 2602 ripa
1077 2538 1190 2588 fluminis.
1210 2541 1284 2589 Rivus
1290 2557 1347 2606 sepe

854 2620 891 2660 est
904 2612 1003 2670 alveus,
1019 2611 1140 2667 Horatius,
1152 2612 1189 2660 11.
1202 2613 1250 2662 Od.
1265 2614 1299 2663 iii.
1314 2616 1348 2663 ll.

857 2685 942 2731 laborat
958 2685 1049 2746 lympha
1057 2683 1138 2749 sugat
1154 2689 1271 2746 trepidare
1283 2692 1330 2734 sicu
1338 2706 1346 2745 5

856 2757 876 2805 l.
886 2759 930 2822 Ep.
939 2775 963 2805 x.
973 2760 1015 2805 21.
1023 2773 1086 2820 aqua
1095 2775 1136 2818 per
1146 2776 1245 2819 pronum
1256 2765 1349 2823 trepidat

856 2848 907 2878 cum
934 2848 1049 2878 mttrmurs
1081 2834 1165 2880 ritum.
1213 2835 1351 2895 Crepitaates

856 2907 939 2967 lapilli,
947 2906 1144 2969 quommobjectu
1150 2906 1221 2954 undae
1230 2911 1349 2973 crepitum,

856 2993 960 3026 murmur
977 2978 1074 3026 iaciunt.
1108 2979 1255 3043 Hujusmodi
1276 2993 1350 3032 auteur

856 3067 960 3099 murmur
977 3051 1090 3099 facillime
1105 3068 1216 3101 somnum
1235 3058 1351 3112 conciliat,

855 3123 890 3172 iii.
898 3125 961 3173 Fast.
970 3126 998 3171 17
1008 3143 1016 3184 3
1033 3126 1117 3173 Horat.
1129 3126 1208 3190 Epod.
1220 3129 1255 3178 H.
1265 3148 1305 3179 xv.
1314 3133 1350 3180 27.

856 3199 919 3246 Hinc
935 3199 1055 3262 somnifero
1073 3202 1164 3262 lympha
1181 3203 1247 3266 apud
1262 3204 1350 3253 Silium.

855 3270 929 3335 Apud
944 3272 1045 3321 Statium
1059 3282 1141 3322 contra
1155 3274 1244 3325 fluvius
1258 3278 1351 3327 tacitur-

857 3361 900 3393 nus
912 3345 1007 3394 labitur.

888 3419 944 3467 605.
963 3420 1089 3481 Popoucru,
1097 3422 1165 3484 nigra
1176 3420 1300 3487 imprimis.
1307 3425 1352 3472 vim

856 3491 944 3540 habent
954 3493 1108 3557 soporificam.
1133 3494 1258 3559 Virgilius,
1268 3499 1353 3562 Georg.

856 3563 874 3611 i.
893 3566 934 3612 78.
948 3567 1024 3613 letheo
1036 3567 1130 3631 peryitso
1144 3584 1259 3628 papavera
1273 3587 1353 3627 somno,

857 3636 897 3685 ubi
916 3638 964 3686 vid.
978 3640 1076 3689 Martio.
1093 3641 1157 3688 Fut.
1171 3641 1203 3689 iv.
1221 3644 1280 3691 547.
1297 3661 1351 3692 soar·

856 3715 924 3774 nique
942 3729 1054 3773 papauera
1074 3730 1154 3761 causus
1173 3715 1223 3761 Dat
1242 3719 1283 3764 tibi
1303 3736 1352 3766 mu

856 3788 930 3844 tepido
940 3788 998 3834 lacte
1013 3789 1107 3835 buada
1119 3805 1184 3848 puer.
1212 3789 1276 3838 Hinc
1287 3792 1353 3839 Som-

858 3872 902 3904 nus
911 3859 1052 3922 pingebatur
1061 3876 1117 3909 cum
1128 3876 1257 3926 papavere.
1285 3865 1355 3913 Circa

857 3941 926 3978 antra
944 3932 1045 3982 feliciter
1062 3943 1085 3982 et
1107 3951 1151 3983 sua
1172 3945 1255 4000 sponte
1273 3953 1355 4001 prove-

857 4004 925 4052 niunt
945 4005 1055 4070 virgulta.
1088 4009 1209 4057 Lucienus
1230 4009 1255 4058 in
1273 4011 1355 4060 Somni

857 4077 935 4127 insula
944 4079 1028 4130 silvam
1043 4083 1109 4148 ponit
1124 4098 1223 4148 procera
1236 4099 1355 4150 papavera

857 4151 991 4203 habentem.
