2774 5004
346 336 814 405 METAMORPHOSEON
839 338 932 407 LIB.
954 341 1039 408 XV.
1146 342 1213 413 466

162 512 292 597 Quum
310 512 436 585 subito
453 511 548 585 vidit
564 511 802 589 frondescere
820 513 1009 588 Romulus
1025 515 1185 606 hastam,

162 627 259 712 Quae
278 629 405 702 radice
422 651 531 715 nova,
550 652 627 700 non
643 627 740 702 ferro
759 630 885 703 stabat
901 629 1049 717 adacto,

163 742 215 817 Et
226 746 308 842 jam
326 767 402 816 non
420 744 549 829 telum,
570 744 637 818 sed
655 744 747 819 lenti
765 744 913 817 viminis
930 746 1040 819 arbor

167 860 257 934 Non
276 869 496 959 expectatos
514 860 630 933 dabat
647 861 919 935 admirantibus
939 861 1103 936 umbras.
1140 866 1214 937 564

214 974 284 1071 Vl.
301 976 381 1048 Aut
398 999 467 1049 sua
483 975 663 1049 fluminea
675 1000 792 1076 quum
809 975 905 1049 vidit
919 975 1040 1073 Cipus
1059 975 1098 1049 in
1113 980 1217 1052 unda

166 1091 331 1177 Cornua,
346 1090 442 1163 vidit
459 1091 572 1177 enim,
592 1090 802 1187 falsamque
820 1092 858 1162 in
875 1090 1037 1185 imagine
1054 1090 1217 1166 credens

165 1204 263 1279 Esse
280 1205 407 1292 fidem,
427 1205 555 1301 digitis
574 1206 622 1279 ad
640 1204 800 1279 frontem
817 1230 920 1303 saepe
937 1205 1078 1292 relatiS,

165 1320 263 1405 Quae
279 1321 386 1407 vidit,
405 1321 553 1417 tetigit:
582 1346 652 1395 nec
666 1324 746 1419 jam
763 1345 833 1395 sua
849 1322 992 1395 lumina
1007 1321 1191 1395 damnans

166 1435 338 1522 Restitit,
358 1446 401 1509 ut
416 1437 536 1509 victor
552 1437 694 1511 domito
712 1438 905 1511 remeabat
922 1438 970 1511 ab
987 1437 1109 1511 hoste.

166 1550 230 1625 Ad
244 1552 457 1648 coelumque
468 1552 610 1638 oculos,
622 1562 661 1624 et
675 1552 808 1626 eodem
816 1552 969 1626 brachia
977 1552 1127 1639 tollens,
1142 1556 1217 1627 570

167 1676 192 1706 “
203 1666 508 1764 Quidquid,'’ait,
522 1674 546 1704 “
557 1666 705 1765 Superi,
715 1679 880 1740 monstro
888 1666 1122 1765 portenditur
1129 1666 1215 1754 isot,

170 1782 250 1856 Seu
266 1782 395 1855 laetum
413 1792 483 1867 est,
503 1781 633 1879 patriae
650 1782 791 1868 laetum,
810 1782 1027 1880 populoque
1045 1779 1217 1864 Quirini:

168 1896 257 1969 Sive
275 1897 415 1982 minax,
435 1895 526 1968 mihi
544 1895 640 1970 sit:’'
665 1895 851 1993 viridique
869 1921 890 1970 e
908 1897 1054 1995 cespite
1070 1896 1190 1970 factas

169 2011 305 2087 Placat
322 2011 485 2086 odoratis
503 2011 683 2085 herbosas
700 2011 849 2108 ignibus
867 2035 972 2101 aras;

167 2126 345 2224 Vinaque
355 2126 422 2200 dat
436 2125 590 2224 pateris,
602 2136 926 2225 mactatarumque
936 2128 1132 2202 bidentum
1144 2131 1218 2202 575

169 2242 273 2326 Quid
292 2243 364 2316 sibi
381 2242 606 2338 significent,
625 2244 852 2341 trepidantia
868 2244 1030 2317 consulit
1047 2254 1148 2317 exta.

167 2357 266 2441 Quae
285 2358 396 2432 simul
415 2357 582 2457 inspexit
598 2357 803 2457 Tyrrhenae
822 2359 944 2454 gentis
963 2360 1165 2454 harusperr,
1220 2385 1223 2391 ·

170 2470 314 2571 Magna
329 2474 486 2571 quidem
503 2498 626 2547 rerum
644 2472 836 2547 molimina
852 2472 946 2545 vidit
962 2472 1001 2544 in
1017 2471 1102 2556 illis,

173 2761 313 2810 Hermen.
346 2761 423 2811 Missa
433 2778 462 2811 cx
474 2760 595 2811 Aventino
606 2777 672 2810 mou·
720 2778 760 2811 sus
771 2762 863 2811 bostem
876 2759 1071 2826 proficisceretur,
1085 2773 1136 2807 esse
1151 2766 1219 2807 nata.

171 2845 206 2890 te,
224 2837 295 2892 lacit,
310 2835 359 2884 fixa
371 2845 416 2892 ost,
431 2835 456 2884 in
469 2836 595 2895 Palatino;
612 2837 673 2885 Lac·
721 2835 826 2885 labello
842 2850 905 2900 sape
920 2833 1007 2897 digitos
1023 2832 1053 2881 ad
1068 2833 1167 2880 frontem
1180 2848 1220 2881 ra·

171 2908 264 2956 taurios
279 2909 304 2957 in
318 2909 473 2973 Argumenta.
506 2910 564 2958 Erat
578 2925 674 2968 cornea,
721 2910 822 2971 tulerat;
838 2925 901 2958 nunc
921 2924 975 2957 vero
989 2907 1083 2956 rediens
1100 2907 1131 2954 ab
1151 2906 1223 2956 hosta

172 2990 198 3030 et
208 2982 323 3046 quamdiu
333 2982 375 3030 illa
383 2981 486 3047 rigebat,
495 2984 593 3032 florebat
601 2984 673 3032 etiam
722 2985 782 3032 scire
801 2983 883 3039 voluit,
902 2981 960 3047 quid
978 2981 1020 3029 illa
1040 2979 1218 3044 significarent3

170 3055 297 3119 imperinm
308 3056 451 3105 Romanum.
488 3058 672 3116 Leutioimim'u
722 3057 804 3121 itaque
815 3056 908 3111 restitit,
919 3065 966 3104 etc.

170 3128 283 3177 flexibilis
304 3130 389 3194 virga:
414 3145 500 3178 cornus
520 3131 584 3178 euim
605 3132 673 3181 arbor
755 3132 815 3179 574.
833 3131 929 3178 Platori
947 3129 1057 3176 dicuntur
1074 3143 1130 3183 arra,
1145 3143 1223 3190 quum

171 3217 250 3250 ramos
261 3201 389 3251 admodum
399 3202 515 3251 flexibiles
525 3202 612 3251 babet:
635 3204 672 3249 bo·
723 3203 765 3251 Dii
777 3203 900 3267 placantur
909 3201 982 3250 sacris
990 3201 1015 3248 iu
1024 3215 1065 3248 ara
1076 3199 1145 3248 lactis
1154 3217 1161 3259 ;
1170 3199 1220 3248 vid.

171 3293 226 3324 uam
240 3277 297 3325 bello
310 3284 379 3325 vocat
389 3275 513 3340 Virgilius,
528 3276 615 3340 Georg.
630 3275 672 3324 lib.
723 3279 881 3325 Burmannus.
900 3276 1093 3336 Hincplaruln'lrs
1105 3273 1225 3339 rraapud

172 3348 199 3399 ii.
210 3364 261 3397 ver.
273 3350 330 3398 447.
723 3350 808 3414 Virgil.
817 3348 968 3399 AEneid.vii.
976 3349 1033 3397 764.
1055 3348 1204 3410 Trepidantia
1211 3366 1222 3408 ,·

205 3423 346 3472 665-621.
365 3423 480 3473 Geuutius
493 3424 578 3486 cippus
588 3438 673 3474 cornu·
723 3425 864 3473 conserver.
878 3425 933 3472 136.

172 3506 212 3545 tus
231 3495 318 3545 iactus.
352 3496 422 3546 conr.
443 3498 527 3546 Valer.
543 3497 672 3553 Maximus,
755 3498 812 3546 577.
829 3498 943 3558 Inspicere
956 3505 981 3545 et
994 3499 1115 3559 inspiciam
1130 3496 1223 3562 propris

172 3588 196 3618 v.
216 3570 240 3618 6.
273 3569 384 3618 Meminit
405 3572 457 3635 ejus
477 3571 550 3620 etiam
574 3570 673 3626 Plinius,
723 3571 1226 3637 deharuspicibus5videHeinsium.Tyrr-

173 3643 207 3691 xi.
226 3644 267 3691 37.
299 3644 355 3691 Fuit
370 3654 472 3708 protom
489 3643 532 3692 sed
549 3659 596 3707 quo
613 3653 673 3692 tem·
724 3648 785 3695 benc
799 3650 874 3712 gentis
893 3648 1013 3708 barsumes.
1047 3648 1128 3705 Quuur
1143 3662 1172 3695 ex
1191 3647 1227 3694 E·

172 3731 231 3781 pore
242 3716 335 3773 vixerit,
347 3733 394 3766 non
408 3726 510 3766 constat.
542 3718 595 3766 Hoc
607 3717 673 3765 vide·
724 3719 809 3768 truscis
830 3719 874 3769 boc
896 3719 1049 3768 divinationis
1070 3735 1112 3784 per
1132 3719 1225 3768 viscera

172 3805 226 3838 mus
235 3789 279 3838 boc
288 3791 340 3853 ipso
349 3790 409 3848 loco,
420 3792 479 3840 nibil
486 3793 509 3841 ei
517 3791 588 3840 luisse
598 3792 676 3840 carius
725 3793 882 3841 animantium
890 3809 965 3857 genus
972 3793 1075 3841 Romani
1082 3791 1223 3848 didicerant,

170 3862 258 3928 patria.
294 3864 365 3925 Cipus
386 3881 433 3914 non
455 3866 548 3928 cippus,
568 3866 676 3913 scribunt
725 3875 789 3915 recte
803 3866 904 3915 Ovidius
920 3865 1067 3930 Tyrrhenum
1085 3870 1153 3911 vocat
1167 3878 1224 3913 eum

172 3935 262 3985 vetusti
279 3936 383 3995 codices,
393 3938 505 3988 Valerius
515 3937 639 3986 Maximus
652 3945 678 3987 at
726 3938 960 4004 dequolricsgitur.
1002 3938 1089 3984 Rerum
1099 3936 1224 3992 molimina,

172 4010 250 4058 numi·
727 4015 897 4064 revolutionem
934 4011 1046 4061 civitatis.
1089 4009 1223 4074 Manifesta,

206 4083 265 4132 569.
283 4083 406 4134 Reuertar
416 4088 445 4133 ab
455 4087 522 4135 hoste.
534 4084 592 4134 Val.
603 4087 675 4134 Mar·
725 4095 806 4135 certa:
832 4086 866 4135 sic
888 4084 1009 4148 munificus
1034 4084 1138 4138 uictoria,
1159 4090 1225 4133 corto

170 4155 238 4209 imus
252 4167 341 4218 namt,
355 4174 442 4210 cornua
457 4160 488 4218 ei,
500 4176 575 4225 quum
591 4159 675 4210 adver·
725 4168 848 4217 eventura,
858 4158 951 4214 Florus,
962 4156 999 4207 ΙΙ.
1008 4154 1049 4205 vii.
1060 4155 1084 4204 7.
