2774 5004
295 329 362 393 364
590 328 629 393 Ρ.
653 326 816 395 OVIDH
830 324 1054 402 ,NASONIS
1076 400 1081 405 ,

300 499 383 575 Hac
399 500 563 574 subeunt
580 500 738 588 Teucri3
766 502 957 598 remisque
975 511 1150 595 oestuque
1169 498 1346 582 secundo,

300 614 381 688 Sub
399 626 549 688 noctem
568 616 709 713 potitur
727 616 901 690 Zanclaea
918 615 1050 690 classis
1067 637 1198 689 arena„
1281 617 1346 687 729

299 729 430 827 Scylla
443 730 542 804 latus
559 731 749 819 dextrum,
763 730 898 805 laevum
912 731 1117 828 irrequieta
1132 727 1346 826 Charybdis

299 845 506 921 Infestant:
536 859 642 921 vorat
659 847 739 920 baec
757 859 897 946 raptas,
917 846 1155 944 revomitque
1180 844 1343 919 carinas:

298 961 371 1035 Illa
387 961 475 1036 seris
494 974 611 1036 atram
626 961 784 1036 canibus
802 961 1034 1059 succingitur
1051 961 1192 1046 alvum,

297 1077 463 1173 Virginis
481 1103 547 1151 ora
563 1102 719 1174 gerens:
748 1088 799 1163 et,
818 1077 850 1150 si
868 1101 942 1149 uon
960 1076 1086 1150 omnia
1103 1085 1213 1148 vates

298 1191 406 1265 Ficta
424 1193 668 1290 reliquerunt,
687 1193 816 1291 aliquo
834 1217 986 1291 quoque
1003 1205 1176 1290 tempore
1193 1191 1308 1287 virgo.

297 1305 408 1381 Hauc
426 1308 533 1382 multi
549 1309 692 1407 petiere
711 1308 836 1407 proci;
856 1309 996 1407 quibus
1014 1307 1079 1381 illa
1095 1307 1263 1405 repulsis
1277 1311 1339 1379 735

296 1423 356 1496 Ad
375 1422 501 1521 pelagi
517 1423 553 1497 N
557 1426 730 1522 ymphaS,
751 1424 876 1522 pelagi
894 1423 1109 1521 gratissima
1127 1422 1327 1521 Nymphis,

295 1537 394 1623 Ibat,
414 1549 454 1612 et
471 1538 596 1612 elusos
609 1541 792 1635 juvenum
810 1540 984 1613 narrabat
1001 1563 1163 1614 amores.

296 1649 434 1739 Quam,
453 1652 544 1727 dum
563 1655 770 1753 pectendos
790 1655 933 1753 praebet
951 1654 1113 1728 Galatea
1129 1652 1301 1751 capillos,

295 1766 451 1841 Talibus
469 1768 685 1866 alloquitur,
705 1780 878 1869 repetens
897 1769 1069 1867 suspiria,
1089 1769 1227 1842 dictis:

294 1879 350 1954 Te
366 1893 506 1969 tamen,
525 1908 548 1955 o
566 1883 680 1980 virgo,
700 1908 819 1981 genus
837 1885 938 1957 haud
956 1883 1099 1958 immite
1117 1885 1281 1957 virorum

294 1994 473 2097 Expetit:
503 2010 622 2096 utque
639 2000 744 2088 facis,
764 2011 873 2100 potes
891 2001 949 2075 his
966 2001 1120 2100 impune
1139 2024 1291 2098 negare.

326 2233 384 2281 ⁷29.
405 2233 500 2281 Potitus
517 2251 598 2290 meso,
617 2243 643 2283 ut
663 2235 695 2284 ai.
711 2238 751 2286 55.
767 2246 792 2285 et
843 2237 927 2299 Aliquo
941 2251 1025 2299 pungas
1041 2249 1124 2300 parum
1142 2235 1226 2300 placet
1242 2233 1333 2283 auribus

292 2305 356 2371 apud
367 2305 505 2370 Virgilium,
518 2307 605 2356 AEn.i.
621 2309 674 2357 172.
698 2309 791 2367 Zancle
845 2308 947 2374 Virginis
958 2308 1029 2373 hujus
1043 2306 1202 2357 mutationem
1216 2307 1288 2356 babet
1297 2306 1332 2354 lib.

292 2387 374 2444 postea
382 2381 576 2438 Messans,dicts
587 2398 600 2430 a
612 2382 791 2440 lormslslcsta,
841 2379 892 2428 xiv.
909 2381 961 2429 init.
978 2381 1057 2429 Mater
1074 2379 1126 2444 ejus
1143 2395 1208 2438 mos,
1225 2396 1276 2430 ver.
1287 2380 1334 2427 749.

292 2469 364 2518 qnam
392 2454 464 2504 babet
487 2457 671 2521 promontorium
699 2468 791 2524 portum
841 2463 991 2503 memoratur·

292 2524 357 2576 illius
367 2530 432 2578 urbis
442 2528 575 2579 includens.
875 2528 932 2576 ⁷40.
952 2527 982 2577 Te
999 2536 1083 2583 tam,
1094 2535 1121 2576 nt
1133 2526 1168 2577 ix.
1179 2529 1238 2577 ³26.
1271 2528 1333 2576 Hssid

326 2601 382 2650 7³0.
398 2602 640 2667 Scylla-Charybdis
647 2623 656 2663 ,-
674 2605 727 2654 due
740 2605 790 2655 lue·
841 2605 935 2659 immite,
946 2601 1004 2667 quia
1016 2616 1081 2656 mox,
1094 2616 1143 2651 rer.
1154 2603 1212 2652 759.
1224 2602 1332 2668 Polypbe

291 2686 347 2724 runt
357 2675 443 2740 Scyllae
455 2691 470 2724 a
480 2677 715 2742 poetisdecantsta:
731 2695 790 2744 qua·
841 2690 895 2724 mus
912 2677 1005 2724 immoti
1022 2683 1130 2725 vocatur.
1167 2676 1262 2741 Negare
1278 2675 1333 2742 apud

291 2765 344 2798 rum
363 2749 445 2806 altera.
463 2750 518 2799 Nisi
537 2749 595 2807 filia,
613 2751 639 2800 in
659 2768 728 2801 avem
746 2752 792 2801 luit
841 2750 954 2799 Nostrum
967 2765 1030 2815 saepe
1045 2748 1169 2799 absolute:
1188 2766 1276 2814 negare
1286 2766 1333 2799 con·

291 2832 451 2884 commutata,
467 2826 498 2874 de
515 2824 559 2874 bac
577 2826 601 2872 iu
617 2825 678 2874 libro
689 2825 729 2875 vii.
740 2825 790 2890 agi·
840 2826 998 2882 suetudinem,
1015 2826 1169 2874 concubitum
1178 2845 1186 2885 i
1205 2827 1263 2876 vide
1281 2828 1334 2876 Bar·

291 2904 345 2955 tur;
364 2895 438 2946 altera
454 2897 528 2947 Pboci
546 2899 595 2947 tilia
611 2898 637 2947 in
653 2910 790 2957 monstrum,
840 2915 920 2949 mann.
949 2898 1334 2966 Cuipstsrest,quanquammibi

290 2968 354 3034 quod
370 2971 395 3018 in
408 2970 467 3020 freto
480 2973 561 3022 Siculo
575 2974 741 3039 navigantibus
754 2973 790 3023 in·
840 2973 1017 3039 antiquissimus
1026 2974 1093 3023 Deus
1103 2973 1209 3023 marinus
1220 2983 1288 3039 pater
1297 2983 1335 3023 est.

289 3042 397 3097 sidietur.
431 3044 565 3109 Charybdis
577 3047 656 3096 vetula
672 3046 715 3096 luit
727 3048 789 3096 lura·
842 3046 918 3095 Turba
934 3065 1042 3103 sororum,
1054 3062 1139 3112 nempe
1157 3048 1335 3114 qninquaginta,

289 3117 393 3175 obtima,
416 3135 470 3183 qua
495 3137 568 3184 quum
593 3122 692 3170 Herculi
717 3122 789 3171 boves
839 3129 866 3169 ut
880 3120 1026 3170 admonitum
1042 3121 1113 3170 adii.
1128 3123 1172 3169 ll:
1192 3124 1333 3172 nominass-

290 3191 368 3240 lursta
378 3204 448 3250 esset,
456 3195 487 3243 ab
496 3194 537 3243 illo
546 3194 571 3242 in
580 3193 664 3243 fretum
677 3195 788 3259 projecta,
838 3211 890 3244 rum
911 3195 1000 3261 Hygia.
1017 3195 1041 3244 in
1061 3195 1200 3260 praelatione
1216 3196 1298 3252 babet.
1314 3198 1334 3244 in

289 3263 314 3312 in
329 3274 459 3313 monstrum
474 3266 591 3315 marinum
606 3266 651 3315 luit
666 3283 788 3325 conversa,
838 3269 925 3333 quibus
936 3279 960 3318 et
972 3271 1081 3318 Golutso.
1114 3271 1197 3329 Quum
1209 3271 1335 3336 lugampsr

290 3337 354 3400 quod
365 3337 443 3387 adbuc
455 3339 577 3404 pristinam
587 3339 671 3389 retinet
681 3341 787 3406 rapiendi
830 3346 931 3408 fluetus,
953 3353 1074 3410 umquam
1099 3359 1148 3392 rem
1170 3344 1334 3409 periculosissi-

288 3419 411 3459 usturam:
424 3427 478 3459 nam
489 3413 545 3462 illac
555 3423 704 3464 transeuntes
715 3431 787 3463 naves
838 3433 910 3473 mam,
938 3426 1114 3472 commemorat,
1143 3433 1193 3466 non
1222 3419 1334 3473 meminit,

289 3482 320 3530 sd
337 3499 362 3530 se
381 3484 451 3547 rapit,
469 3484 614 3552 devoratque
634 3504 662 3535 ac
680 3491 786 3539 revomit.
837 3491 1175 3556 GalateamesaeNympbsrn
1186 3492 1283 3558 pelagi:
1295 3509 1333 3542 ne·

290 3555 417 3618 Charybdis
428 3557 513 3606 Nostro
527 3564 659 3623 irrequieta,
669 3571 694 3610 et
707 3564 784 3627 Virgi·
837 3583 882 3633 que
896 3583 950 3616 vero
963 3567 1069 3622 arbitror,
1082 3566 1199 3615 Ovidium
1215 3567 1250 3618 its
1266 3568 1335 3632 scrip·

288 3627 320 3676 lio
330 3631 460 3689 implacata,
468 3632 530 3694 quod
539 3643 563 3681 et
575 3633 620 3682 h.l.
628 3651 688 3683 uuus
695 3637 787 3688 Medic.
835 3640 909 3701 sisse,
927 3656 1029 3705 namque
1039 3640 1109 3688 MSS.
1119 3657 1202 3691 omues
1214 3643 1253 3706 (et
1267 3642 1334 3708 Regii

289 3702 405 3766 agnoscit,
418 3713 444 3752 et
454 3703 567 3754 Heinsius
583 3722 612 3754 ex
625 3712 736 3766 impurato
746 3727 783 3758 or·
836 3715 918 3777 ambo)
930 3714 1017 3764 babent
1025 3732 1066 3778 per
1074 3717 1158 3771 luctus,
1166 3726 1254 3781 praeter
1265 3733 1333 3765 unum

287 3785 338 3860 tum
350 3779 555 3843 temeoeputabat
576 3780 652 3837 Vorat,
664 3790 711 3830 etc·
732 3783 785 3832 Vir·
835 3789 1238 3858 Basileens.quiflssctusbabetpro
1246 3791 1334 3840 diversa

285 3850 432 3916 gihubibid.
450 3859 465 3879 “
474 3852 525 3900 lmo
536 3853 639 3903 barathri
648 3864 682 3905 ter
692 3858 785 3922 gurgite
835 3862 945 3921 lectione,
957 3864 1019 3912 unde
1031 3863 1119 3929 recepit
1129 3864 1255 3915 Heinsius.
1290 3866 1333 3914 Per

287 3935 365 3977 vastos
387 3927 471 3976 Sorbet
491 3927 515 3975 iu
541 3928 666 3994 abmptum
691 3931 784 3989 fluctus,
836 3939 913 3986 luctus
928 3937 1029 4004 effugere
1045 3948 1123 4004 posset
1139 3939 1227 4006 accipi,
1241 3949 1268 3989 ut
1285 3940 1332 3989 Lis.

284 4017 411 4067 rursusque
429 4003 473 4051 sub
494 4016 562 4051 auras
579 4003 654 4068 Erigit
674 4006 783 4065 alternos,
833 4009 850 4059 i.
861 4015 885 4061 5.
895 4029 935 4074 per
946 4014 1020 4062 lusum
1030 4023 1098 4076 atquo
1108 4015 1225 4063 lasciuiam
1235 4032 1332 4065 essm.

284 4085 308 4125 et
325 4077 402 4126 sidera
413 4078 520 4127 verberat
537 4078 625 4128 unda.”
659 4079 783 4146 Copiosius
833 4084 946 4134 Heinsius
956 4087 1061 4135 malebat
1073 4088 1181 4150 loquami.
1205 4089 1284 4154 Hujus
1294 4105 1332 4137 va·

284 4147 385 4212 Scyllam
403 4150 529 4213 describit5
551 4151 606 4202 vide
624 4153 656 4203 nd
676 4157 724 4205 sir.
741 4156 781 4205 60.
832 4157 921 4208 rietatis
930 4160 1041 4225 exempla
1048 4159 1098 4225 jam
1110 4161 1179 4226 plura
1191 4162 1302 4213 vidimus.
