2774 5004
291 333 357 400 ⁴78
585 329 626 393 Ρ.
647 328 811 394 ovlml
835 329 1048 396 NASONIS

293 503 531 599 Romanique
548 501 657 575 ducis
675 503 814 599 conjux
832 502 1021 601 AEgyptia,
1041 502 1151 576 taedae

290 621 379 696 Non
396 621 493 693 bene
511 619 592 704 fisa,
612 620 744 705 cadet3
763 619 976 716 frustraque
990 619 1062 692 erit
1078 619 1145 690 illo
1162 616 1318 704 minata,

288 735 478 809 Servitute
495 759 563 807 suo
583 734 775 832 Capitolia
792 745 921 808 nostra
939 735 1111 832 Canopo.

258 922 262 931 ,
288 849 389 934 Quid
400 849 469 922 tibi
479 849 985 946 Barbariemgeutesquenb
996 861 1157 945 utroque
1164 851 1332 944 jacentes

288 964 456 1051 Oceano,
474 966 693 1038 numerem?
712 966 968 1063 quodcunque
985 966 1193 1039 habitabile
1207 964 1317 1037 tellus

288 1079 471 1165 Sustinet,
483 1081 598 1176 hujus
607 1080 694 1155 erit:
714 1093 853 1178 pontus
863 1104 1016 1178 quoque
1025 1081 1165 1153 serviet
1176 1079 1243 1153 illi.
1263 1081 1325 1152 831

288 1193 392 1268 Pace
410 1195 502 1268 data
516 1193 638 1280 terris,
658 1195 823 1267 animum
841 1195 890 1267 ad
907 1195 1032 1268 civilia
1048 1206 1172 1268 vertet

286 1310 310 1383 J
314 1334 380 1383 ura
397 1333 520 1395 suum,
539 1311 721 1407 legesque
733 1309 829 1383 feret
839 1310 1072 1405 justissimus
1089 1321 1236 1396 auctor,

288 1424 554 1522 Exemploque
573 1448 641 1498 suo
656 1448 779 1498 mores
797 1434 924 1521 reget:
945 1424 1061 1522 inque
1077 1424 1195 1503 futuri

286 1540 485 1640 Temporis
502 1550 666 1628 aetatem,
684 1551 1001 1637 venturorumque
1020 1552 1203 1638 nepotum
1262 1543 1328 1612 835

287 1656 543 1755 Prospiciens,
562 1656 705 1754 prolem
720 1666 853 1728 sancta
869 1654 918 1727 de
935 1657 1096 1753 conjuge
1114 1665 1244 1728 natam

287 1772 400 1847 Ferre
415 1772 539 1857 simul,
559 1794 774 1867 nomenque
789 1795 913 1856 suum,
931 1794 1119 1867 curesque
1133 1771 1303 1867 jubebit:

287 1886 384 1973 Nec,
400 1886 470 1959 nisi
489 1910 607 1984 quum
625 1885 750 1959 senior
766 1885 908 1959 similes
926 1885 1132 1983 oequaverit
1148 1909 1283 1970 annos,

288 2001 475 2075 AEtherias
494 2003 616 2087 sedes,
636 2003 1014 2097 cognataque-sideru
1031 2011 1176 2098 tanget.

287 2114 399 2188 Hanc
414 2116 578 2189 animam
592 2116 736 2190 interea
748 2138 848 2190 creso
861 2117 910 2191 de
923 2140 1079 2216 corpore
1096 2128 1245 2214 raptam
1264 2120 1330 2190 840

289 2229 364 2304 Fac
378 2231 505 2328 juber,
523 2242 566 2304 ut
581 2254 732 2329 semper
751 2232 941 2331 Capitolia
954 2244 1081 2306 nostra
1097 2232 1297 2329 forumque

290 2345 410 2420 Divus
428 2348 476 2420 ab
494 2347 646 2421 excelsa
661 2360 878 2446 prospectet
894 2348 1018 2422 Julius
1037 2372 1136 2422 arce.

287 2530 373 2594 dducts'
393 2529 504 2591 Philippi.
537 2530 624 2578 Sentiet
644 2533 720 2587 illum,
741 2547 787 2580 use
835 2531 969 2588 Suetonius,
986 2531 1107 2596 nundi:
1126 2532 1233 2596 “leges
1250 2541 1331 2580 retrec-

287 2612 412 2665 eognoscet
430 2603 481 2667 ejus
501 2601 662 2651 fortitudinem
683 2613 708 2651 et
727 2619 784 2653 con·
836 2605 903 2661 tevit,
915 2614 939 2654 et
949 2605 1065 2669 quendem
1078 2621 1108 2653 ex
1119 2604 1214 2668 integro
1229 2605 1331 2654 unxit.'’

286 2674 375 2725 silium.
836 2681 904 2729 Idem
913 2683 959 2729 ³2:
972 2688 987 2708 ⁸·
998 2680 1114 2744 Pleraque
1125 2680 1222 2744 pessimi
1233 2678 1332 2743 exempli

320 2750 378 2797 826.
393 2751 490 2798 Romani
502 2753 575 2804 ducis,
586 2749 692 2807 Antonii,
703 2755 785 2814 conju:
836 2754 964 2811 correxit,”
975 2764 1023 2802 etc.

288 2824 408 2887 Egyptin,
420 2824 555 2888 Cleopatru,
566 2840 637 2888 quam
656 2825 705 2880 ille,
716 2840 784 2890 repu-
869 2830 926 2876 8³6.
945 2827 1041 2881 Prolem,
1058 2826 1190 2881 liberium,
1208 2836 1288 2873 unae
1307 2830 1334 2873 de

287 2894 354 2944 dieta
368 2897 478 2952 Octavia,
490 2912 586 2945 uxorem
603 2898 711 2954 duxerat,
726 2902 786 2946 tede
836 2907 941 2967 conjuge.
950 2902 1025 2956 livia,
1034 2910 1120 2956 nutem,
1129 2916 1201 2964 quarn
1211 2916 1333 2964 pregnan-

287 2985 334 3017 een
347 2973 401 3019 bens
407 2972 464 3033 fisa,
474 2981 562 3020 temere
574 2987 678 3037 sperans,
689 2988 715 3020 se
726 2988 786 3036 nup-
836 2985 884 3024 tem
896 2976 1013 3023 aNerone
1021 2974 1089 3021 duxit
1097 2977 1229 3036 Augustus.
1250 2975 1333 3022 Sancte

288 3050 337 3092 tom
353 3044 458 3092 Antonio
475 3043 602 3108 potituram
621 3061 673 3093 esse
688 3045 787 3110 imperio
836 3049 933 3097 solenne
943 3046 1066 3111 epitheton
1077 3047 1204 3095 mulierum
1218 3055 1333 3095 castarum

287 3115 397 3166 Romm
407 3116 477 3182 (Dio,
488 3118 520 3166 iv.
528 3119 626 3181 nott.)
638 3121 712 3173 rodet,
725 3118 788 3167 victa
837 3129 862 3169 et
872 3123 1005 3186 probarum,
1016 3121 1086 3169 etism
1098 3120 1123 3168 in
1134 3121 1303 3169 monumentis.

287 3191 319 3240 ad
335 3192 432 3240 Actium
450 3192 480 3239 nb
495 3193 612 3252 Augusto,
627 3191 735 3256 aspidum
747 3209 786 3240 ve·
870 3197 927 3243 838.
948 3194 1003 3249 Nec,
1023 3196 1066 3241 nisi
1087 3211 1157 3256 quom
1174 3198 1258 3250 unior,
1274 3194 1331 3256 ete]

288 3279 349 3314 neno
370 3265 463 3329 peribit.
493 3266 641 3328 Fmstmqne,
659 3276 708 3313 etc.
728 3266 788 3314 iuvi·
837 3268 887 3318 Jul.
906 3268 993 3323 Cesar,
1008 3283 1081 3331 quum
1099 3266 1280 3323 interficeretur,
1294 3282 1334 3315 na·

288 3337 361 3394 diose,
373 3337 593 3402 iruetrnimperium
606 3339 740 3387 Romanum
752 3339 787 3386 ai·
838 3347 1022 3389 tuseretnnnos
1033 3341 1074 3387 66.
1102 3340 1268 3403 Qnumigitur
1282 3340 1332 3386 b.l.

287 3411 419 3460 sectaverit.
454 3414 502 3460 Pro
518 3422 568 3460 toto
586 3414 684 3478 imperio
697 3414 787 3475 Capitu-
838 3430 885 3463 nou
903 3413 1030 3462 admodum
1050 3413 1135 3477 longus
1148 3413 1205 3461 vitae
1224 3414 1334 3462 terminos

290 3487 347 3531 liam
366 3486 481 3540 nominat,
503 3496 530 3534 ut
552 3503 587 3535 vs.
603 3489 661 3535 589.
680 3498 705 3535 et
724 3487 788 3551 apud
838 3487 986 3551 promittatur
1006 3487 1125 3549 Augusto,
1146 3486 1262 3535 Heinsius
1282 3502 1333 3535 eoa-

290 3559 376 3606 Horat.
395 3560 417 3607 1.
434 3558 483 3606 Od.
501 3561 588 3609 xxxvii.
609 3562 632 3608 7.
649 3561 680 3610 de
697 3561 788 3618 endem,
838 3560 888 3615 det,
914 3577 984 3623 qnam
1007 3563 1081 3607 serior
1108 3559 1189 3622 Pylios
1216 3565 1334 3623 equam·

288 3631 373 3679 “dum
401 3632 520 3696 Capitolio
548 3634 642 3698 Regina
668 3635 790 3683 dementes
839 3651 918 3681 unum.
946 3634 1016 3682 Certe
1039 3633 1117 3695 Pylios
1137 3650 1211 3682 aanor
1229 3635 1334 3698 Augusto

288 3705 376 3760 ruinae,
398 3706 478 3753 Funus
494 3715 519 3753 et
539 3707 637 3770 irnperio
663 3711 789 3772 parebat,’'
839 3718 949 3772 pecator
967 3707 1052 3754 Noster
1066 3705 1139 3754 etiem
1159 3707 1334 3756 Pont.ll.viii.

288 3788 335 3832 ete.
380 3780 493 3841 Canopos,
516 3795 602 3828 nornen
630 3790 655 3827 et
675 3781 788 3845 oppidum
839 3782 912 3828 lbet
921 3780 991 3827 l'rist.
1001 3781 1031 3828 V.
1043 3795 1065 3827 v.
1075 3781 1115 3827 62.
1144 3779 1183 3828 Cf.
1198 3780 1334 3829 Martialis.

290 3854 469 3919 aegyptiorum.
838 3855 920 3920 Epigr.
934 3856 974 3913 l.;
990 3853 1041 3902 viii.
1053 3855 1077 3901 2.
1109 3855 1193 3912 Quum
1203 3854 1332 3918 imqui-

321 3931 380 3978 829.
390 3929 511 3984 Barbaria,
521 3938 630 3976 monente
642 3928 786 3988 Bormanon,
837 3926 892 3976 dem
903 3930 988 3989 patrios
995 3927 1333 3992 presserantlenzinssuudet,

288 4010 352 4052 totus
371 4011 461 4052 tractus
477 4011 600 4059 terrerum,
609 4017 680 4068 quem
694 4003 786 4052 barbari
835 4004 922 4062 petrice
931 4003 1158 4062 soperonrritunnce.

288 4076 370 4141 populi
381 4084 470 4126 tenent.
735 4094 738 4098 “
869 4076 927 4122 842.
940 4075 1032 4122 Excelsa
1040 4090 1093 4122 aree
1100 4076 1235 4138 preleroex
1243 4074 1334 4123 'lboan

321 4150 380 4197 83³.
393 4151 488 4206 Auctor,
497 4149 626 4214 legislator,
637 4159 664 4198 nt
672 4148 722 4197 viii.
731 4151 786 4200 lOl.
799 4206 803 4216 4
816 4203 822 4219 ι
836 4148 890 4197 MS.
899 4149 936 4212 τῷ
944 4151 999 4198 ede.
1032 4148 1125 4197 Eur-eleo
1139 4166 1181 4197 ers
1192 4159 1230 4198 est
1239 4149 1334 4198 coeluru.
