2774 5004
289 313 354 378 106
583 312 622 376 Ρ.
645 311 806 379 OVIDII
829 309 1043 377 NASONIS

293 485 370 559 Sed
381 484 546 557 nondum
561 484 759 558 manifesto
771 485 842 557 sibi
853 495 928 571 est3
950 483 1173 579 nullumque
1187 483 1261 556 sub
1278 481 1336 555 illo

292 600 386 696 Igne
403 599 493 672 sacit
509 611 658 687 votum;
688 612 944 674 verumtamen
962 609 1098 672 aestuat
1116 598 1246 684 intus;
1263 600 1333 671 464

291 714 773 814 Jamdominumappellat;
791 712 1333 814 jamnominasanguinisodits

294 829 459 927 Byblida
470 832 549 926 jam
567 832 721 917 mavult,
740 855 854 928 quam
873 857 913 905 se
932 842 1042 903 vocet
1058 831 1121 903 ille
1140 850 1321 903 sororem.

295 945 390 1042 Spes
405 956 530 1018 tamen
548 947 743 1018 obscoenas
762 947 885 1020 animo
903 945 1101 1018 demittere
1121 968 1199 1018 non
1216 955 1278 1016 est

292 1058 397 1132 Auso
413 1083 481 1132 suo
497 1060 676 1156 vigilans:
706 1060 854 1157 placida
870 1060 1035 1134 resoluta
1052 1060 1181 1155 quiete
1217 1056 1334 1153 [fratri

295 1174 407 1271 Saepe
424 1174 537 1259 videt,
557 1175 660 1270 quod
678 1184 800 1248 amat:
828 1175 910 1247 visa
927 1184 986 1247 est
1004 1197 1158 1268 quoque
1176 1174 1334 1268 jungere

294 1287 455 1386 Corpus
475 1299 514 1361 et
528 1288 689 1373 erubuit,
709 1288 881 1384 quamvis
898 1287 1021 1384 sopita
1033 1287 1201 1383 jacebat.
1263 1291 1335 1360 470

294 1404 456 1476 Somnus
475 1403 573 1477 abit:
603 1404 689 1477 silet
706 1404 770 1477 illa
786 1405 863 1490 diu,
883 1402 1096 1500 repetitque
1114 1401 1259 1498 quietis

293 1516 382 1616 Ipsa
398 1541 476 1590 suae
495 1519 673 1614 speciem.
693 1519 884 1614 dubiaque
904 1519 956 1590 ita
973 1528 1100 1590 mente
1118 1515 1310 1612 profatur:

294 1631 396 1705 “Me
414 1633 607 1705 miseram!
627 1633 752 1705 tacitae
764 1632 855 1729 quid
866 1632 947 1703 vult
964 1630 1037 1703 sibi
1055 1630 1176 1703 noctis
1190 1630 1336 1726 imago?

294 1743 418 1827 Quam
436 1746 551 1818 nolim
565 1757 646 1818 rata
661 1748 729 1819 sit!
758 1770 825 1819 cur
842 1746 922 1817 haec
941 1767 1012 1840 ego
1031 1744 1177 1817 somnia
1193 1744 1297 1817 vidit

325 1975 381 2024 463.
398 1977 442 2024 Sed
452 1978 551 2024 meadum
562 1978 681 2041 manifesta
693 1982 734 2028 sibi
746 1988 786 2034 est,
836 1977 890 2026 Cic.
896 1976 945 2025 Oll'.
953 1975 971 2023 i.
982 1976 1006 2023 4.
1016 1977 1147 2036 mundio
1156 1974 1298 2040 simpliciter
1307 1976 1337 2026 de

291 2048 395 2098 nondum
410 2049 670 2116 scit,neccredit,quo
685 2053 788 2101 declinet
837 2049 909 2098 coitu.
942 2049 1019 2109 Sopita
1029 2050 1124 2111 jacebat
1141 2046 1238 2113 plenius
1256 2065 1335 2114 quen,

292 2136 364 2176 emor,
381 2131 422 2172 aut
439 2122 496 2187 quid
514 2125 558 2171 sibi
576 2124 633 2172 velit
652 2124 695 2173 ille
713 2125 788 2173 animi
837 2123 914 2187 sopite
936 2131 1001 2171 erat:
1027 2120 1061 2168 xi.
1083 2123 1142 2169 238.
1163 2137 1240 2169 somne
1259 2126 1335 2171 nime

291 2193 395 2243 effectio.
428 2197 535 2245 Suillio
558 2199 619 2260 igne,
641 2197 725 2246 ardeus
746 2198 788 2248 illo
830 2199 933 2258 jacebas.
966 2196 1027 2244 Hoc
1047 2207 1071 2243 et
1094 2194 1221 2259 sequentis
1243 2195 1336 2261 egregie

291 2266 354 2332 igne.
387 2269 434 2315 Sub
448 2268 492 2316 hoc
508 2285 577 2317 sensu
590 2280 653 2319 amet
668 2269 788 2330 inprimis
836 2269 937 2335 pingunt
951 2268 1079 2333 voluptatis
1094 2268 1229 2326 illecebras,
1245 2279 1271 2318 et
1286 2285 1336 2319 cer·

288 2339 368 2404 junior
388 2340 487 2393 Pl'mius.
524 2343 611 2397 Votum,
633 2351 659 2390 ut
686 2343 787 2406 potietur
837 2351 918 2391 temen
928 2339 1065 2406 cupiditatis
1081 2357 1137 2390 curn
1150 2343 1252 2392 ratione.
1287 2344 1336 2392 Pri·

291 2423 378 2470 etoato,
389 2431 452 2463 more
463 2415 600 2464 ementium.
836 2430 901 2462 inum
912 2414 1030 2463 erubescit
1040 2424 1065 2462 et
1075 2425 1196 2464 aversetur
1209 2417 1335 2473 somnium,

325 2488 382 2535 465.
402 2488 496 2537 Domini
512 2496 537 2536 et
553 2491 646 2537 domine
663 2489 788 2546 vocabule,
836 2488 878 2536 sed
900 2502 953 2535 mox
975 2487 1112 2550 diligentius
1132 2489 1163 2538 de
1184 2505 1213 2538 eo
1234 2492 1337 2556 cogitem

291 2575 346 2625 quin
370 2561 426 2609 olim
447 2562 579 2625 tyrannidis
597 2564 644 2610 vim
665 2562 787 2619 haberent,
836 2560 929 2626 incipit.
963 2560 1092 2626 Compnrnt
1111 2563 1144 2610 rei
1165 2562 1336 2627 turpitudinem

292 2632 395 2697 Augusti
408 2635 552 2698 temporibus
568 2634 593 2682 in
607 2634 730 2683 blanditiis
745 2636 786 2684 he·

290 2706 418 2763 bebentur,
430 2717 540 2757 monente
556 2708 664 2757 Ernestio
677 2709 709 2756 ad
726 2709 785 2758 Sue-

290 2787 340 2828 ton.
351 2779 415 2844 Aug.
432 2782 474 2829 53.
508 2782 571 2830 Hinc
590 2781 662 2830 etiarn
681 2791 788 2831 amantes

289 2853 324 2902 ito
350 2869 375 2902 se
403 2854 522 2919 appellere
550 2855 665 2903 solebant.
700 2854 787 2904 Noster

289 2924 371 2974 Amor.
389 2927 435 2976 lll.
452 2928 492 2975 vii.
510 2929 549 2976 ll.
569 2929 600 2974 Et
618 2929 674 2974 mili
695 2930 785 2976 blandi·

289 3000 332 3043 tius
341 3000 406 3053 dizit,
416 3000 579 3061 Dominamque
587 3003 681 3048 vocavit.
715 3001 787 3049 Plura

289 3067 320 3116 de
336 3068 380 3117 hoc
391 3070 505 3119 vocabulo
520 3071 622 3119 diximus
635 3072 665 3119 od
677 3072 741 3120 Plin.
754 3075 786 3121 x.

290 3141 338 3206 Ep.
356 3142 383 3190 ii.
409 3144 430 3190 1.
469 3143 603 3209 Sanguinis,
622 3146 786 3209 consanguini-

292 3213 358 3263 tntis.

323 3288 381 3336 467.
398 3288 452 3350 Spes
467 3294 542 3340 anim
558 3291 622 3355 (pro,
632 3294 657 3339 in
672 3293 787 3355 animum)

291 3362 416 3417 demittere,
430 3377 483 3427 spes
500 3365 578 3412 animo
595 3364 728 3429 concipere.
754 3367 786 3413 E·

291 3433 349 3481 tiam
367 3437 498 3485 descendere
512 3437 537 3484 in
551 3437 655 3486 animum
667 3438 787 3494 dicuntur,

290 3522 344 3572 quet
362 3509 386 3556 in
403 3525 431 3557 eo
451 3509 592 3567 excitentur,
612 3512 634 3560 ei
653 3513 787 3562 traduntur.

292 3581 417 3637 Olwoeam,
429 3582 541 3640 incestus,
553 3593 579 3633 ut
595 3601 619 3632 x.
632 3586 688 3634 465.
723 3585 787 3639 Quod

289 3664 351 3701 emat
360 3654 454 3703 solenne
464 3672 514 3720 pro,
522 3674 591 3721 quem
602 3668 626 3705 et
636 3673 706 3720 quam
715 3669 788 3708 amat.

290 3725 332 3775 vii.
342 3728 384 3775 2³.
421 3728 519 3777 Placido
530 3739 707 3779 tantumornat.
741 3733 787 3780 lle-

289 3800 362 3846 solatu
376 3799 427 3849 vide
439 3801 469 3849 ed
479 3801 519 3849 vii.
530 3805 583 3851 165.
585 3805 689 3866 jungere
699 3820 786 3865 corpere,

290 3883 382 3934 pectora
401 3873 492 3938 proprie
512 3874 542 3922 de
565 3876 664 3932 Venere,
682 3877 707 3924 ii.
723 3879 785 3925 604:

291 3947 389 3996 Miscere
403 3957 494 4009 pectora
506 3947 567 3996 dixit
577 3949 673 4006 Statius,
684 3950 719 3998 ll.
729 3951 786 3999 Silv.

288 4021 305 4070 i.
321 4021 384 4080 206;
406 4019 517 4070 Tibu1.1.
530 4022 548 4069 i.
559 4022 600 4071 69.
607 4025 709 4088 jungere
725 4041 785 4073 ome·

288 4111 323 4143 res
329 4114 338 4153 5
348 4104 372 4143 et
383 4095 450 4158 Eleg.
462 4094 494 4144 ix.
504 4096 543 4143 76.
547 4097 650 4159 jungere
664 4097 784 4154 Venerem,-

836 2651 890 2684 cum
907 2633 1001 2698 gaudiis
1013 2636 1039 2682 in
1053 2635 1143 2683 somnio
1156 2636 1286 2702 perceptis,
1296 2638 1336 2687 sed

837 2708 873 2757 his
883 2707 972 2756 diutine
983 2708 1120 2757 immoretur
1130 2717 1155 2757 et
1163 2710 1255 2768 lortius,
1265 2728 1336 2777 quem

835 2781 880 2830 illi
912 2781 1033 2832 einana
1049 2797 1100 2830 esse
1112 2782 1164 2829 vult
1179 2785 1281 2840 somnio,
1294 2785 1335 2834 sed

836 2853 937 2903 dulcedo
952 2855 1004 2919 ejus
1018 2855 1099 2911 efficit,
1112 2864 1137 2903 ut
1150 2864 1265 2905 eventum
1275 2873 1334 2922 quo·

836 2944 883 2993 que
898 2928 949 2990 ejus
963 2937 1037 2992 optet.
1071 2929 1131 2976 Mox
1141 2943 1283 2978 succurrunt
1293 2947 1335 2979 ex·

836 3001 917 3065 emplu
924 3000 1028 3048 Deorum
1040 3000 1267 3066 hominumque,qui
1275 3002 1335 3052 idern

836 3074 950 3122 fecerent.
982 3072 1062 3137 Atque
1081 3075 1116 3121 itn
1134 3074 1228 3123 unimus
1249 3091 1336 3142 anceps

836 3148 932 3197 tandem
944 3147 1042 3196 inclinet
1052 3148 1083 3197 nd
1091 3147 1217 3211 flagitium,
1226 3150 1334 3214 voluptt-

836 3221 913 3286 tisque
930 3221 1048 3269 illecebrae
1059 3222 1156 3270 vincunt
1170 3237 1257 3273 nuens
1267 3223 1334 3272 ratic

837 3309 901 3342 nem.

870 3368 926 3416 471.
947 3368 1041 3415 Somnm
1058 3365 1146 3415 dicitur
1165 3372 1256 3424 uenire,
1275 3371 1335 3418 abire

836 3448 861 3489 et
872 3442 933 3504 (ver.
943 3441 1015 3503 479.)
1024 3444 1107 3489 redire.
1140 3441 1202 3503 Ipsa,
1213 3458 1259 3492 sue
1266 3459 1333 3507 spon·

837 3522 870 3570 te,
881 3524 970 3563 etcum
983 3514 1110 3579 voluptate.
1145 3516 1232 3576 Species
1247 3519 1335 3579 qnietis,

836 3587 929 3652 species
939 3604 980 3653 per
991 3588 1096 3652 quietem
1107 3587 1197 3645 oblata,
1209 3589 1335 3639 somnium.

837 3662 897 3708 Mox
909 3664 978 3709 nactis
989 3665 1071 3724 imago.
1100 3661 1181 3711 viria
1188 3662 1273 3712 ontio.
1296 3661 1334 3710 Τι-

837 3734 887 3782 bnt.
897 3734 946 3782 Ill.
957 3736 989 3781 iv.
1001 3736 1025 3782 9.
1035 3736 1110 3782 omine
1121 3737 1204 3783 noctis.

869 3808 925 3856 473.
950 3807 1030 3855 Tacito
1050 3824 1101 3863 nos,
1120 3817 1148 3855 ut
1165 3809 1249 3856 α’ἰαιιε
1267 3806 1333 3870 virg.

837 3880 932 3929 AEneid.
949 3880 974 3929 ii.
990 3883 1046 3930 25⁵.
1063 3885 1137 3928 tacite
1156 3883 1247 3930 silentis
1266 3883 1332 3931 isne.

837 3954 906 4010 Ruta
919 3954 1006 4018 quibus
1021 3962 1120 4003 eventus
1130 3963 1233 4003 condet.
1265 3953 1333 4003 Telis

835 4026 927 4075 somnia
941 4026 1013 4075 etiem
1028 4043 1080 4074 uera
1092 4026 1203 4077 dicuntur
1213 4027 1245 4079 sb
1256 4028 1331 4077 How

835 4099 877 4157 tio,
889 4101 908 4147 l.
919 4101 969 4150 Set.
980 4117 1003 4149 r.
