2774 5004
404 629 454 717 P.
483 628 684 714 OVIDII
712 630 977 719 NASONIS

259 869 1114 974 METAMORPHOSEON

313 1087 485 1154 nrssn
517 1091 770 1159 nscmws
803 1095 1069 1162 ussurus,

590 1292 788 1344 -4—

207 1453 257 1518 N.
267 1452 312 1519 B.
332 1454 572 1542 Argumentum
590 1459 688 1545 hujus
704 1459 777 1526 libri
796 1461 911 1526 decimi
934 1462 1022 1525 tertii
1040 1459 1219 1527 Metamor-

161 1569 328 1654 phoseon,
354 1571 489 1639 relatum
520 1576 663 1643 invenies
691 1579 725 1642 in
753 1579 835 1643 serie
864 1578 1034 1656 Cessent,
1063 1588 1140 1644 tom.
1170 1576 1216 1642 iii.

163 1686 314 1771 pagna

633 1863 715 1915 FAB.
731 1865 755 1914 1.

169 2004 513 2099 CONSEDERE
529 2027 659 2115 duces,
679 2040 729 2118 et,
747 2032 848 2128 vulgi
868 2041 993 2106 stunte
1011 2054 1160 2118 corone,

172 2136 305 2235 Surgit
322 2140 370 2214 ed
388 2139 457 2214 hos
474 2142 600 2242 clypei
618 2144 791 2220 dominus
810 2146 1068 2245 septemplicis
1086 2146 1200 2244 Ajax.

203 2345 310 2393 1—398.
324 2346 446 2395 Annorum
456 2349 597 2413 judiciem]
616 2350 668 2400 No·
719 2350 761 2415 qui
778 2351 881 2416 Paralip.
897 2351 939 2400 lib.
955 2367 978 2399 v.
1000 2367 1062 2401 vers.
1082 2351 1219 2401 leo-³16.

170 2415 220 2466 bile
240 2417 302 2467 illud
329 2429 442 2468 certamen
466 2438 581 2471 arnonem
609 2422 670 2474 inter
719 2423 799 2473 inhoc
815 2433 954 2488 argumento
969 2423 1090 2487 ingenium
1104 2425 1219 2482 exercuit,

171 2491 272 2557 Ajscem
281 2491 446 2542 Telamonium
456 2502 480 2541 et
492 2495 615 2560 Ulyssem,
627 2513 669 2546 cu·
719 2512 790 2559 quem
811 2504 891 2544 temen
909 2495 1045 2559 longissime
1064 2503 1117 2560 post
1135 2511 1160 2544 se
1182 2512 1217 2545 re·

167 2565 209 2630 jus
219 2565 323 2623 occasio,
336 2566 378 2614 lib.
390 2567 431 2617 xii.
442 2577 503 2618 extr.
514 2580 618 2627 sunta,
628 2587 670 2620 cu·
719 2568 924 2633 linquitOvidius.
943 2567 1146 2617 Prestentissime
1155 2569 1219 2618 enim

167 2638 209 2704 jus
219 2639 333 2688 memoria
343 2639 384 2690 diu
395 2639 456 2691 inter
466 2642 592 2693 AEolenses
604 2660 671 2694 man·
719 2650 775 2690 sunt
785 2641 822 2689 hu
831 2641 948 2690 orationes
955 2649 980 2690 et
991 2650 1085 2689 moratas
1094 2640 1218 2705 imprimis.

170 2711 212 2769 sit,
225 2711 343 2771 (Pernen.
357 2713 431 2763 Attic.
444 2715 532 2780 pso.)
544 2726 568 2765 et
580 2717 644 2781 quod
655 2732 671 2764 s
719 2714 782 2778 Ajsx
795 2714 853 2762 iram
869 2728 937 2762 suem
954 2713 978 2761 in
995 2713 1106 2777 Ulyssem
1122 2713 1220 2773 evomit,

171 2784 256 2834 multis
273 2786 409 2836 auctoribus
423 2796 471 2836 tam
486 2786 585 2847 Grecis,
598 2806 670 2855 quam
720 2787 908 2852 Ulyssescoutre
915 2785 1002 2835 collide
1014 2794 1039 2834 et
1050 2785 1152 2835 iucunde
1161 2801 1218 2835 ceu-

171 2857 273 2916 Lstinis‚
288 2867 414 2910 tractatum
425 2871 469 2911 est.
501 2863 671 2914 Tractuvemnt
719 2876 770 2910 snm
787 2876 855 2909 suem
872 2859 930 2924 agit.
963 2861 1070 2923 Uterque
1088 2858 1161 2908 utitur
1179 2858 1220 2916 iis,

170 2932 237 2982 euim
248 2934 290 2996 (ut
304 2935 402 2984 Homer.
412 2944 513 2993 taceam,
524 2937 565 3002 qui
581 2937 628 2986 od.
640 2944 670 2988 Λ.
720 2950 774 2999 que
790 2933 981 2999 periclitantibus
996 2932 1081 2982 suadet
1091 2932 1219 2991 Quintilis·

171 3007 222 3055 ⁶42
236 3021 291 3072 sqq.
306 3006 357 3071 ejus
371 3007 514 3058 mentionem
529 3008 599 3071 lecit)
610 3011 671 3059 Aro-
720 3023 773 3062 uus,
785 3009 846 3055 lust.
860 3006 891 3055 vi.
906 3007 934 3053 l:
953 3013 969 3034 “
979 3005 1154 3055 Periclitnntem
1165 3022 1220 3054 vero

172 3078 238 3127 tinus
251 3078 276 3127 in
290 3079 429 3146 AEtlsiopide
443 3089 515 3146 etque
529 3082 631 3132 lesches
645 3085 670 3133 in
720 3080 872 3130 commendat
881 3079 994 3144 dignitus,
1009 3088 1033 3128 et
1048 3079 1128 3128 studio
1143 3078 1221 3135 tortia,

172 3151 280 3201 carmine
290 3150 368 3212 Ἰλιὰς
379 3155 460 3219 μικρὰ,
471 3163 517 3204 etc.
540 3156 671 3220 AEschylus
720 3164 745 3203 et
758 3163 874 3219 suscepte
891 3154 954 3202 bello
969 3153 1101 3210 cicatrices,
1111 3161 1136 3201 et
1151 3152 1219 3202 nobi·

166 3224 278 3276 Ὀπλων
287 3227 375 3290 κρίσιν,
383 3227 504 3279 docuerat.
527 3230 616 3278 Extant
627 3230 671 3279 ed·
721 3226 776 3274 litus
796 3235 821 3274 et
840 3227 924 3275 merita
945 3225 1089 3291 majorum.”
1121 3224 1221 3291 Singula

171 3297 221 3346 huc
239 3297 387 3349 Antisthenis
407 3301 591 3351 declamationes
607 3302 671 3360 due,
720 3301 782 3349 bene
798 3308 823 3348 et
837 3301 940 3349 collecte
951 3308 1016 3356 sunt,
1028 3307 1053 3348 et
1068 3300 1221 3364 emplilcntu.

173 3371 250 3420 sltem
272 3372 363 3437 Ajecis,
387 3373 480 3439 Ulyssie
499 3375 588 3424 eltern:
615 3375 671 3425 vide
721 3374 817 3430 Noster,
826 3382 936 3423 monente
945 3375 1045 3431 Seneca,
1057 3372 1172 3424 Contr.ii.
1182 3376 1223 3425 10.

171 3444 308 3503 Reiskinm,
330 3448 409 3496 Orstt.
438 3450 516 3498 Grec.
543 3457 601 3497 torn.
623 3448 672 3498 viii.
722 3447 798 3496 multa
811 3448 911 3513 sumpsit
926 3463 941 3497 a
955 3449 993 3497 Μ.
1008 3448 1093 3498 Porcio
1110 3449 1212 3499 Latrone

173 3518 299 3568 statiuis
311 3520 431 3570 Pacuvius
444 3530 469 3570 et
484 3521 565 3570 Attius
580 3521 673 3571 subulas
722 3530 866 3586 preceptore
883 3538 934 3579 suo,
945 3522 987 3587 qui
1003 3532 1027 3571 et
1038 3523 1089 3588 ipse
1104 3538 1221 3572 armorum

172 3590 673 3657 dederent,qu1l›usnomenluit,Asmmnm
719 3594 837 3659 judicium
846 3596 984 3662 scripseret3
1001 3595 1152 3646 rideedver.
1165 3599 1220 3647 121.

165 3668 297 3727 judicium.
328 3667 466 3716 Timanthes
477 3669 548 3716 etism
562 3677 586 3716 et
603 3669 672 3718 Perr-
757 3671 779 3719 l.
798 3670 920 3719 Consedere
931 3674 999 3719 duces
1008 3681 1030 3718 et
1044 3674 1120 3735 uergit
1135 3672 1222 3728 edice,

175 3739 258 3787 basius
280 3739 381 3804 pictores
405 3752 551 3791 certaverant
576 3741 601 3791 in
628 3742 673 3792 hoc
723 3742 863 3792 Homericus
885 3743 1022 3792 transeundi
1048 3743 1140 3799 modus,
1159 3743 1222 3808 '¹07⁸

171 3811 266 3876 judicio
291 3813 454 3878 exprimendo,
483 3823 508 3864 et
534 3815 674 3864 Parrhasius
723 3815 778 3864 κατ’
791 3816 829 3881 ἄρ’
841 3816 913 3874 ἕζετο·
925 3815 1019 3866 τοῖσιδ’
1030 3815 1130 3875 ἀνέστη·
1143 3818 1174 3863 ed
1185 3817 1222 3864 lios

175 3885 255 3934 herois
261 3887 353 3937 nomine
362 3889 459 3938 moleste
471 3904 496 3937 ee
505 3890 563 3938 serre
570 3887 674 3947 dicebat,
723 3891 794 3945 reios,
806 3888 837 3937 nd
847 3889 890 3937 hos
900 3891 972 3938 verbs
982 3891 1095 3937 secturus.
1125 3887 1222 3950 Vulgus,

175 3959 243 4024 quod
257 3960 342 4009 iterum
354 3963 383 4011 eb
394 3961 491 4026 indigno
506 3961 584 4011 victus
593 3970 673 4023 esset;
723 3962 793 4020 λαὸς,
811 3962 896 4011 milites
912 3961 1021 4026 gregarii,
1034 3973 1133 4025 quornm
1148 3960 1222 4007 statut

176 4032 280 4090 Plinius,
287 4050 359 4087 xxxv.
373 4037 412 4083 10.
429 4035 498 4084 Sede
509 4035 583 4100 poetis
591 4045 676 4101 praeter
725 4053 815 4092 corona,
828 4039 869 4100 qui
883 4036 995 4085 audiendi
1006 4049 1078 4082 cenes
1087 4046 1222 4080 consessum

176 4105 293 4156 Ovidium
302 4125 363 4159 uuus
373 4117 446 4159 restet
453 4109 556 4170 Quintus
565 4109 676 4170 Calaber,
722 4109 831 4174 judicum
846 4109 910 4158 omni
921 4125 949 4157 er
961 4117 1027 4173 perte
1037 4113 1127 4155 etentes
1137 4105 1220 4170 cinge·
