2774 5004
156 336 224 402 438
415 341 419 349 '
439 334 480 399 Ρ.
503 332 666 401 ovtmt
689 332 902 400 NASONIS

154 508 250 582 Vela
266 506 375 594 dedi3
405 506 496 578 nihil
513 517 585 594 est,
603 517 684 581 toto
701 507 804 604 quod
823 515 967 604 perstet
983 505 1023 577 in
1040 506 1151 579 orbe:

154 623 305 695 Cuncta
321 621 456 707 fluunt,
475 621 674 718 omnisque
690 645 832 717 vagans
848 620 1030 696 formatur
1047 620 1179 715 imago.

153 738 244 834 Ipsa
260 760 415 834 quoque
433 737 584 811 assiduo
602 738 782 810 labuntur
797 750 970 834 tempora
985 748 1106 821 motu,

154 852 242 927 Nou
275 876 384 925 secus
419 875 464 925 ac
495 853 657 927 flumeuz
703 875 828 949 neque
861 853 963 925 enim
997 851 1197 925 consistere

302 969 456 1053 flumen,
1136 971 1198 1038 180

156 1084 237 1157 Nee
249 1083 340 1156 levis
353 1083 446 1157 hora
458 1093 600 1180 potest3
621 1082 689 1155 sed
704 1092 748 1155 ut
756 1081 858 1155 unda
869 1081 1080 1179 impellitur
1092 1081 1197 1164 unda,

156 1199 396 1294 Urgeturque
413 1197 513 1295 prior
530 1197 717 1283 veniente,
739 1211 922 1292 urgetque
941 1198 1129 1294 priorem3

153 1314 340 1411 Tempora
352 1313 407 1386 sio
419 1311 568 1407 fugiunt
581 1311 732 1409 pariter,
748 1312 964 1410 pariterque
980 1319 1199 1408 sequuntur,

155 1429 206 1502 Et
217 1451 314 1501 nova
325 1438 413 1500 sunt
425 1449 590 1523 semper3
611 1450 698 1499 nam
713 1426 817 1523 quod
829 1426 901 1499 tuit
917 1437 1020 1511 ante,
1031 1426 1200 1500 relictum

304 1550 384 1629 esti
468 1580 489 1595 -·
1042 1543 1199 1636 [vantur.

155 1659 303 1755 Fitque,
318 1657 421 1753 quod
439 1655 540 1728 haud
553 1654 686 1740 fuerat,
699 1667 966 1754 momentaque
984 1667 1128 1730 cuneta
1140 1680 1199 1728 no-

155 1772 302 1856 Cernis,
322 1783 360 1844 et
372 1794 536 1845 emersas
555 1770 594 1843 in
611 1769 736 1843 lucem
753 1770 909 1845 tendere
927 1783 1075 1858 noctes,
1137 1775 1199 1844 186

153 2026 304 2080 terrestrium,
314 2025 462 2083 273-430;
478 2023 509 2071 de
524 2022 654 2073 incremen·
738 2023 793 2073 1⁷9.
811 2023 863 2086 ipen
879 2022 1025 2084 temperamur
1041 2023 1133 2088 quibua
1148 2023 1203 2071 fiunt

153 2100 184 2147 tia
201 2097 286 2146 futuris
304 2095 408 2144 civitatis
427 2096 553 2150 Romane,
573 2097 655 2144 131-
705 2095 752 2144 illm
764 2097 913 2145 mutationes.
947 2097 1006 2144 latri
1017 2096 1049 2144 de
1060 2096 1134 2144 oeleri
1148 2106 1201 2144 ten·

155 2173 211 2220 452.
244 2169 318 2217 Redit
329 2184 366 2224 eo,
377 2167 440 2216 unde
450 2183 546 2216 exorsus
555 2177 614 2224 erat,
623 2169 653 2217 ad
704 2169 1031 2234 perisdecursudiei,notum
1040 2178 1086 2217 eat.
1108 2170 1201 2218 Plurimi

154 2260 221 2294 naum
242 2243 348 2292 carnium
369 2240 585 2305 mutationemque
604 2242 655 2291 aui·
705 2252 883 2292 tamenveterea
894 2258 940 2291 uon
952 2242 1203 2298 deteriumwtmtur,

154 2317 261 2366 melium.
289 2316 320 2363 Et
331 2315 518 2378 quonium—uelo
527 2316 587 2371 dedi,
596 2331 654 2378 quo·
705 2316 768 2379 quod
782 2316 864 2365 eodem
875 2315 988 2364 aemude
1003 2314 1202 2381 tempore,tlmni·

154 2391 218 2440 niam
239 2389 357 2455 copiosam
376 2386 512 2453 disputandi
533 2388 655 2437 materiam
705 2388 985 2446 nibua,etellia,dieitur.
1021 2389 1112 2453 Itaque
1129 2386 1204 2436 multia

155 2473 257 2515 tractare
280 2464 352 2528 coepi,
372 2461 537 2525 liberrimeque
563 2469 654 2526 partem
704 2463 729 2511 in
740 2463 798 2512 locis
806 2464 857 2512 lraeo
868 2463 916 2511 duo
923 2463 996 2511 rerba
1003 2463 1105 2510 oonsuaa
1114 2461 1203 2510 alibra-

153 2541 205 2605 ejus
215 2535 491 2601 ammutiumexposut,
501 2551 598 2600 pergam
608 2551 655 2601 quo
705 2537 745 2585 riis
754 2536 909 2602 reperiuntur.
945 2536 1077 2584 Volvuntur
1087 2534 1203 2600 legiturin

154 2612 226 2676 coepi.
263 2611 339 2658 Vertit
347 2611 396 2657 uelo
407 2612 463 2657 dore
474 2607 505 2656 de
515 2616 606 2656 oratore
616 2624 655 2656 eo·
706 2610 788 2674 Regiis
806 2610 934 2658 codicibus.
968 2609 1097 2658 Corniuem
1108 2610 1203 2668 flumen.

154 2685 219 2750 piore
235 2684 332 2747 lateque
347 2683 485 2747 disputante
503 2681 575 2730 etiarn
592 2682 655 2746 apud
704 2685 729 2732 Si
740 2683 793 2748 quis
803 2684 875 2732 vellet
889 2681 1040 2738 calumniari,
1051 2689 1133 2747 ponaet
1146 2682 1203 2746 obji-

154 2758 268 2814 Plinium‚
278 2758 313 2804 11.
321 2758 368 2821 Ep.
380 2756 412 2804 xi.
424 2758 448 2805 3.
458 2755 499 2804 ubi
510 2755 564 2802 ride
575 2763 654 2803 notam
704 2773 767 2813 cere,
783 2766 808 2804 at
826 2756 934 2805 consistit
954 2757 1033 2805 hieme
1052 2754 1133 2818 glacie
1148 2770 1203 2802 eon·

155 2839 266 2880 nostram.
301 2830 398 2885 Perstet,
410 2843 503 2893 semper
522 2827 585 2875 idern
604 2842 655 2875 rna·
703 2830 818 2879 strictum.
852 2831 918 2878 Iaeoir
935 2832 990 2877 loru
1007 2827 1204 2892 ingeniose,quia

155 2902 461 2967 neatabsquenrutatione·
496 2901 655 2956 Fluuntmu·
704 2904 813 2953 ceteritur
829 2905 921 2953 transit.
954 2903 1070 2952 elotanae
1087 2912 1114 2951 et
1132 2903 1204 2950 Hein-

155 2984 244 3030 tantur‚
257 2972 491 3022 transeunttluminis
502 2972 583 3021 instar.
606 2972 656 3022 Ῥεῖ
704 2976 753 3025 aius
767 2978 899 3041 pmbabant
915 2979 1046 3039 repellitur,
1063 2976 1129 3040 quod
1149 2992 1203 3024 non-

153 3050 186 3098 rd
207 3047 303 3102 rrdvra,
319 3049 360 3095 καὶ
377 3045 449 3095 οὐδὲν
468 3044 543 3110 μένει.
576 3047 656 3096 Verba
705 3050 764 3099 nulli
775 3052 870 3100 hubent.
896 3052 987 3113 impelli
997 3059 1023 3098 et
1034 3054 1126 3115 urgeri,
1134 3051 1204 3098 verba

155 3125 374 3185 omnisque-inrogo
387 3119 500 3167 facillima
509 3118 566 3166 mihi
574 3119 655 3168 viden·
704 3123 806 3180 delecta,
816 3125 873 3188 quin
883 3125 970 3172 fluetus
983 3123 1084 3171 fluctum
1101 3124 1204 3188 proxime

155 3204 207 3244 tur:
220 3212 267 3244 non
279 3194 322 3243 nisi
334 3202 455 3258 vagantes,
463 3195 574 3241 continuo
581 3202 656 3242 trane·
703 3198 818 3261 sequitur,
829 3197 960 3261 acriterque
971 3197 1065 3261 premit.
1093 3197 1150 3244 Non
1162 3196 1203 3244 mi·

154 3280 246 3326 euntes,
255 3268 370 3333 imagines
382 3268 523 3327 tormentum
534 3283 582 3314 rer.
593 3269 655 3316 259:
704 3285 761 3318 nore
780 3271 876 3320 delectu
894 3272 1017 3326 Horatius,
1028 3270 1063 3317 11.
1075 3271 1127 3318 Od.
1143 3269 1205 3319 xviii.

159 3344 200 3390 Nil
219 3345 319 3404 equidem
338 3345 424 3390 durare
440 3344 482 3388 dr'u
500 3342 541 3387 rub
557 3344 657 3405 imagine
706 3344 745 3391 15.
759 3344 931 3392 Truditurdicr
941 3346 986 3391 die.

154 3417 230 3461 eodem
243 3416 393 3461 Crediderim.
416 3415 567 3462 Burmannus
576 3422 655 3462 tamen
739 3418 793 3464 186.
813 3418 1124 3480 Cernir‚etemerroa,etc‚]
1153 3418 1205 3466 Non

155 3487 249 3542 tutetur,
260 3503 285 3535 se
305 3487 356 3533 liaeo
374 3503 422 3534 non
438 3487 580 3550 intelligere,
589 3486 654 3536 ideo·
702 3488 869 3553 intelligebant
883 3490 953 3554 hujus
965 3504 1048 3538 versus
1060 3489 1204 3554 elegantiam

71 3554 76 3576 ¹
154 3575 200 3623 que
221 3558 313 3613 suadet,
334 3563 448 3621 omnique
470 3563 523 3623 uugi
536 3561 655 3623 jonnetur
703 3563 816 3611 Heinaiua
833 3573 858 3610 et
872 3565 1033 3618 Burmannus,
1046 3564 1089 3626 qui
1106 3581 1120 3612 e
1137 3566 1204 3613 MSS.

155 3635 236 3695 imago,
255 3631 279 3677 h.
293 3647 317 3678 e.
332 3632 413 3694 tingite
433 3632 508 3687 vobis,
525 3633 652 3690 auditores,
704 3636 782 3684 Oxou.
791 3636 881 3684 Arond.
895 3645 920 3683 et
931 3634 1014 3699 viginti
1027 3636 1082 3684 aliis
1092 3637 1203 3702 praeiere·

154 3705 234 3755 omnin
254 3704 299 3753 ritu
321 3704 424 3751 fluminis
449 3704 513 3752 terri.
546 3707 581 3752 At
606 3707 651 3756 hoc
702 3709 761 3757 bant
774 3712 885 3764 emeritos,
895 3709 953 3773 quio
967 3713 1076 3756 emeritus
1088 3710 1122 3757 de
1138 3726 1204 3758 cnrau

154 3795 208 3830 mox
236 3779 341 3844 requitur
362 3794 411 3826 ver.
434 3779 489 3826 180.
520 3779 606 3842 Itaque
627 3789 652 3829 et
701 3782 776 3838 linito,
790 3791 894 3847 tempore
905 3789 997 3838 exacto,
1009 3782 1060 3831 diei
1070 3783 1143 3832 nolet.
1170 3785 1204 3832 Ar

153 3870 234 3904 curere
251 3862 384 3919 poteramus
401 3853 475 3900 altera
495 3852 546 3915 ejus
559 3853 652 3917 conjee-
702 3871 772 3905 curru
794 3857 859 3904 finito
880 3871 927 3904 uon
952 3856 1058 3920 amplius
1084 3860 1206 3906 trudimur.

155 3936 215 3984 tura,
223 3944 276 3993 quar
287 3926 380 3990 longine
391 3925 462 3974 etiam
474 3925 524 3973 abit
534 3925 653 3989 avulgata
702 3929 778 3979 lmmo
788 3940 869 3980 noctes
878 3945 989 3979 emeraoe
1000 3931 1070 3986 mari,
1085 3930 1204 3996 iucipien-

152 4001 278 4065 aeriptura‚
289 4003 404 4064 omniaque
414 4002 467 4063 uugi
483 4009 586 4047 rurmtur
596 4003 653 4049 imo·
703 4013 747 4060 tea,
762 4020 808 4053 non
822 4012 920 4054 manent
934 4004 986 4059 diu,
999 4003 1043 4052 aed
1054 4004 1100 4053 iter
1112 4014 1204 4054 tanturn

151 4092 191 4137 go.
213 4076 358 4140 Beroegger.
372 4075 412 4138 (et
420 4074 494 4124 codex
507 4075 598 4140 Regius
608 4077 652 4140 11.)
702 4093 744 4143 per
754 4078 843 4127 coelum
855 4078 992 4134 instituunt,
1002 4077 1169 4144 festinentque
1183 4079 1207 4126 in

155 4163 224 4211 orgo.
702 4167 756 4199 eum
767 4152 925 4208 looumuude
936 4168 990 4200 mox
1002 4152 1044 4200 lux
1055 4154 1140 4202 oritur.
1171 4154 1207 4201 Si·
