2774 5004
170 323 236 392 278
454 325 494 390 P.
519 323 681 391 OVIDlI
707 325 919 394 NASONIS

171 502 373 577 Proximus
388 508 430 573 ut
446 508 614 588 steterat,
628 511 805 599 spectans
823 502 955 577 altaria
971 504 1078 578 vultu

170 618 330 693 Fumida
344 615 518 690 terribili:
540 625 564 654 “
577 615 657 689 Cur
673 618 784 706 non,”
803 619 866 706 ait,
888 627 913 657 “
929 618 1073 692 utimur
1088 617 1167 692 istis
1177 618 1208 691 l”

171 735 349 830 Cumque
363 732 441 805 suis
453 731 630 829 Gryneus
645 730 846 807 immanem
858 735 1128 809 sustulitarem
1144 738 1207 807 260

170 851 340 947 Ignibus,
360 859 399 922 et
415 848 580 923 medium
600 848 844 947 Lapitharum
855 851 950 947 jecit
967 851 1007 923 in
1025 873 1170 947 agmen,

170 967 445 1065 Depressitque
458 965 553 1037 duos
573 964 739 1038 Brotean
756 977 796 1040 et
814 965 955 1040 Orion:
988 965 1083 1039 Orio

168 1081 294 1157 Mater
311 1091 392 1154 erat
411 1077 578 1175 Mycale,
597 1104 712 1176 quam
730 1080 935 1155 deduxisse
953 1081 1128 1157 canendo
1164 1079 1167 1084 ’

169 1198 281 1296 Saepe
299 1195 496 1270 reluctanti
509 1196 709 1287 constabat
725 1219 866 1269 cornua
882 1197 995 1271 lunoe.

168 1323 193 1353 ‘⁴
214 1313 302 1387 Nou
319 1312 473 1409 impune
490 1309 599 1397 screa,
619 1311 684 1385 teli
703 1313 814 1386 modo
833 1314 944 1411 copia
960 1310 1113 1397 detur,'‘

168 1429 329 1503 Dixerat
346 1427 539 1516 Exadius;
561 1427 836 1525 teliquehabet
847 1430 978 1514 instar,
999 1428 1037 1502 in
1056 1428 1134 1502 alta

168 1545 263 1630 Quae
281 1544 428 1619 fuerant
445 1544 550 1642 pinu,
568 1545 680 1618 votivi
698 1568 839 1619 cornua
856 1547 968 1620 cervi.

168 1661 313 1758 Figitur
330 1661 417 1734 huic
432 1659 574 1757 duplici
589 1659 765 1759 Gryneus
783 1660 821 1733 in
840 1660 982 1734 lumina
996 1682 1114 1747 ramo,

167 1776 397 1875 Eruiturque
414 1777 565 1864 oculos;
595 1800 755 1874 quorum
773 1801 859 1875 pars
877 1778 1057 1851 cornibus
1075 1777 1200 1861 haeret;

167 1893 263 1967 Pars
276 1893 360 1967 fluit
371 1894 409 1966 iu
419 1893 587 1979 barbam,
600 1905 851 1991 concretaque
865 1893 1049 1990 sanguine
1059 1891 1200 1993 pendet.

167 2009 269 2084 Ecce
286 2009 385 2107 rapit
400 2009 534 2082 mediis
552 2011 772 2105 flagrantem
791 2010 953 2082 Rhoetus
971 2010 1021 2082 ab
1034 2009 1110 2083 aris
1139 2010 1200 2079 271

166 2123 378 2198 Prunitium
397 2134 546 2211 torrem,
566 2124 778 2224 dextraque
795 2135 941 2222 aparte
960 2123 1130 2201 Charaxi

200 2327 258 2376 258.
276 2325 315 2381 Ut,
327 2332 408 2389 utpote
418 2325 469 2389 qui.
493 2325 597 2375 Causam
612 2328 665 2377 red·
716 2327 779 2393 qnod
791 2327 880 2376 habent
890 2325 984 2391 plurimi
993 2327 1032 2389 (et
1041 2325 1116 2374 nutri
1124 2322 1208 2387 Regu)

167 2401 212 2458 dit,
223 2416 265 2448 cur
281 2399 391 2463 Grynem
407 2414 448 2447 ara
463 2415 533 2447 usus:
551 2400 582 2449 sit
595 2417 667 2450 causa
716 2403 762 2450 Pro
773 2402 893 2455 reluctari,
900 2401 997 2448 verbum
1007 2399 1129 2464 proprium
1139 2397 1208 2446 inbac

167 2484 247 2526 autem
264 2472 323 2524 solet
339 2488 355 2520 s
370 2471 461 2521 latinis
474 2474 537 2521 lacto
553 2475 666 2540 praeponi.
715 2491 740 2524 re
752 2483 788 2522 est
799 2477 909 2522 laborare.

167 2551 279 2615 Congrus
295 2547 353 2596 talia
367 2555 432 2595 arina
447 2548 589 2596 immanibus
606 2566 665 2614 pug·
747 2549 806 2597 266.
824 2548 926 2596 Badius
943 2545 1049 2611 Lapitha
1065 2545 1138 2594 etiam
1153 2543 1209 2610 apud

167 2624 275 2674 mutium
286 2621 427 2686 corporibus,
437 2621 467 2670 de
478 2621 565 2686 quibus
574 2623 605 2670 ad
615 2639 666 2671 ver·
717 2623 846 2671 Homerum
856 2632 881 2671 et
889 2619 1020 2669 Hesiodum
1029 2619 1143 2669 occurrit.
1160 2620 1209 2667 For·

167 2715 219 2748 sum
231 2699 289 2747 ³⁵2.
715 2696 805 2744 mulam
818 2699 890 2743 instar
899 2697 979 2742 habers
989 2703 1056 2741 emat
1063 2694 1153 2742 Noster
1161 2709 1210 2742 cum

199 2775 256 2821 262.
268 2773 400 2834 Dsprurr't3
415 2769 486 2834 vulgo
497 2771 535 2833 (et
547 2770 571 2818 in
583 2771 666 2835 Regiis
715 2769 775 2824 aliis,
789 2786 863 2833 quum
881 2769 935 2833 quis
950 2768 1032 2832 aliqua
1049 2784 1074 2816 re
1089 2767 1142 2816 loco
1156 2769 1209 2816 slte-

168 2845 264 2906 nostris)
285 2847 407 2906 oppressit,
432 2842 474 2892 red
501 2846 616 2904 depressit,
639 2854 665 2891 ut
714 2843 771 2900 rius,
782 2860 835 2906 que
847 2842 974 2908 proprisio
985 2857 1041 2890 eum
1056 2857 1127 2891 usum
1143 2841 1210 2890 desti·

166 2919 224 2968 slibi
245 2922 334 2981 dejecit,
352 2918 382 2967 ad
405 2927 489 2965 terram
510 2917 576 2966 dedit
593 2917 664 2966 inter·
715 2926 779 2973 nata,
798 2918 880 2965 utitur.
913 2917 952 2965 Sic
967 2916 993 2963 in
1007 2916 1063 2964 Art.
1081 2917 1165 2965 Amet.
1180 2916 1211 2964 iii.

166 2995 250 3043 lectos.
286 2993 360 3045 Quam
379 2995 502 3047 derasisse,
522 3000 569 3040 etc.
591 3007 664 3056 quam
714 2992 770 3039 490.
791 2993 875 3039 AEtutri
896 2991 1008 3055 fulminis
1035 2993 1113 3038 instar
1140 2992 1209 3038 babet.

166 3067 291 3117 constabat
305 3080 408 3129 magam,
423 3065 552 3114 veneticam
573 3065 661 3114 luisse:
718 3066 800 3122 Voriur',
816 3082 845 3113 er
862 3073 916 3113 voto
931 3062 1015 3112 oblati.
1041 3065 1079 3111 Ex
1092 3065 1210 3113 venatibus

165 3141 220 3190 vide
237 3140 268 3189 ad
285 3139 318 3188 iv.
330 3141 392 3188 332:
408 3140 508 3194 Seneca,
524 3139 596 3187 Herc.
610 3141 660 3188 OEt.
712 3150 792 3204 partes
800 3140 908 3188 solebant
916 3137 971 3186 Diis
982 3139 1117 3186 consecrari
1128 3148 1153 3188 et
1162 3154 1209 3187 sus

166 3220 223 3265 525.
233 3216 284 3264 sine
300 3214 373 3263 dubio
390 3230 418 3262 ex
437 3213 482 3261 hoc
498 3220 575 3260 nostro
593 3211 660 3261 locu:
713 3213 783 3278 pendi
798 3212 834 3260 vel
855 3229 884 3260 ex
903 3211 1033 3267 arboribus,
1053 3211 1092 3260 vel
1109 3212 1174 3261 tholo
1188 3220 1210 3260 et

167 3291 217 3337 Hoc
243 3293 309 3337 docta
331 3289 424 3351 Mycale
446 3288 560 3335 Thessalus
586 3290 663 3335 docuit
713 3287 744 3335 ad
763 3287 875 3350 lastigia3
894 3285 1015 3350 Virgilius,
1037 3287 1096 3336 AEn.
1114 3287 1147 3335 ir.
1166 3288 1208 3335 407

166 3380 247 3418 uranus,
263 3363 338 3410 Unam
354 3366 415 3409 inter
428 3379 500 3409 omnes
513 3361 580 3409 Luna
596 3379 663 3425 quam
712 3379 748 3426 sq.
784 3361 855 3415 Huic,
869 3362 898 3408 ab
914 3360 966 3415 boc,
978 3359 1094 3408 Heinsius
1106 3360 1173 3410 dedit
1182 3378 1208 3409 er

137 3462 140 3466 ·
165 3441 267 3499 requitur
280 3454 377 3499 magam.
412 3436 662 3492 Cauendumcantan-
713 3435 783 3484 MSS.
818 3435 1135 3490 ramuscornuramosum.

166 3510 206 3564 do,
228 3518 253 3556 ut
270 3511 382 3562 camina,
401 3508 580 3557 incantationes.
607 3510 662 3555 Cor·
745 3509 802 3557 272.
818 3508 871 3555 Tali
891 3519 951 3558 torre
966 3516 991 3554 et
1006 3507 1117 3564 Perseus,
1132 3527 1156 3556 v.
1172 3509 1207 3558 ⁵7.

165 3602 214 3633 suro
229 3585 287 3629 lunc
299 3598 364 3629 mera
373 3581 515 3645 periphrasis
525 3580 596 3635 luuae,
609 3598 662 3645 qum
714 3582 794 3631 utitur.
829 3581 876 3629 Sed
895 3599 937 3629 nra
955 3596 1017 3628 nunc
1036 3582 1087 3645 jam
1106 3583 1209 3647 conjecta

167 3674 214 3707 uon
224 3655 268 3705 nisi
279 3664 384 3719 tempore
398 3652 506 3701 delectus
516 3653 603 3701 deduci
612 3670 662 3704 cre·
713 3666 764 3705 erat
777 3657 837 3705 inter
853 3656 966 3720 Lapithas
977 3671 1024 3702 ver.
1036 3657 1093 3704 260.
1124 3657 1207 3705 Pruni-

165 3732 273 3784 debatur‚
284 3743 331 3792 quo
345 3736 449 3790 tempore
461 3743 507 3774 non
517 3725 662 3776 corniculata
713 3734 770 3778 tium
789 3746 803 3777 a
823 3747 899 3791 primo
916 3744 975 3777 nove
996 3729 1098 3777 dictum.
1134 3731 1209 3795 Vulgo

166 3811 272 3871 apparet,
299 3800 340 3849 sed
368 3800 446 3865 plena.
486 3799 564 3865 Magis
591 3800 663 3863 igitur
712 3807 749 3867 (et
760 3805 784 3852 in
795 3802 981 3866 nostrisRegiis)
989 3805 1129 3863 primitium.
1149 3805 1206 3853 Der·

165 3879 224 3929 mihi
241 3875 427 3944 placetvulgata
446 3874 525 3928 lectio,
544 3877 660 3923 reluctan-
713 3890 750 3926 rra
767 3897 781 3925 a
797 3888 863 3939 parte
883 3888 980 3938 tempora
996 3876 1056 3924 nibil
1075 3877 1152 3934 aliud,
1166 3879 1207 3926 uisi

164 3958 210 4011 tir3
228 3966 282 4001 nam
295 3949 407 3999 Heinsius
419 3948 459 4012 qui
474 3949 573 3996 alteram
591 3949 660 3997 trium
710 3952 794 4000 dextra
800 3959 913 4015 tempora,
921 3949 1147 4015 quemadmodum
1157 3953 1209 4001 leva

165 4029 237 4076 MSS.
254 4024 394 4074 auctoritate
409 4021 621 4087 recepit,dativum
636 4023 660 4070 in
709 4037 776 4087 parre
802 4028 892 4081 lacerti,
918 4026 951 4072 ix.
978 4026 1018 4072 82.
1059 4026 1208 4091 Pcfsrr'ugit,¹

164 4103 210 4150 lrac
229 4099 303 4148 forma
319 4096 429 4162 loquendi
452 4095 520 4143 nimis
537 4095 660 4145 affectasse
711 4116 771 4148 uuus
788 4098 913 4146 Leidensis
930 4101 1074 4160 perstrinrir,
1097 4099 1139 4148 sed
1160 4117 1209 4160 per-

163 4175 264 4224 videtur.
298 4171 399 4223 Lerrzius
422 4172 514 4237 praelert
535 4173 660 4229 reluctata,
710 4179 821 4237 stringere
831 4184 866 4221 est
878 4172 961 4222 leviter
976 4180 1068 4222 tautum
1082 4173 1207 4234 sauciare,
