2774 5004
342 342 814 412 METAMORPHOSEON
837 343 929 410 ma
953 344 1038 412 XV.
1153 349 1220 415 457

162 517 351 616 Corpora,
370 541 457 615 quae
474 517 622 616 possint
638 519 781 593 animas
799 518 978 594 habuisse
996 529 1206 620 parentum,

163 634 247 707 Aut
263 633 432 720 fratrum,
450 644 518 708 aut
534 633 660 731 aliquo
673 635 892 731 junctorum
910 633 1051 710 soedere
1067 637 1190 724 nobis,

164 749 247 822 Aut
264 749 457 823 hominurn
471 759 585 835 certe,
598 759 681 822 tuta
697 773 782 822 esse
797 758 836 822 et
852 749 1013 824 honesta
1029 752 1214 828 sinamus:

166 864 276 939 Neve
294 864 497 963 Thyesteis
514 866 748 940 cumulemur
765 865 910 939 viscera
925 868 1079 954 mensis,

166 980 294 1066 Quam
311 982 409 1054 male
427 982 661 1072 consuescit3
691 1005 806 1079 quam
825 1005 866 1054 se
885 993 992 1080 parat
1015 982 1078 1056 ille
1096 984 1218 1058 cruori

164 1096 313 1195 Impius
331 1097 506 1182 humano,
525 1096 632 1170 rituli
651 1097 718 1193 qui
737 1107 890 1193 guttura
907 1097 1028 1170 cultro

165 1211 340 1311 Rumpit,
358 1223 398 1285 et
413 1212 588 1286 immotas
606 1213 750 1310 praebct
766 1212 973 1309 mugitibus
991 1213 1121 1286 aures!
1141 1216 1216 1288 465

165 1327 246 1401 Aut
261 1328 328 1426 qui
345 1327 492 1424 vagitus
510 1328 651 1402 similes
669 1330 874 1427 puerilibus
892 1328 1044 1402 hoedum

167 1441 357 1518 Edentem
370 1443 545 1541 jugulare
562 1456 708 1542 potest:
738 1457 804 1518 aut
821 1446 909 1518 alite
925 1444 1040 1531 vesci,
1118 1443 1217 1540 [istis

168 1559 244 1633 Cui
261 1560 368 1634 dedit
390 1559 473 1659 ipse
490 1560 615 1633 cibos!
643 1572 827 1657 quantum
844 1572 915 1646 est,
936 1560 1037 1657 quod
1055 1559 1156 1633 desit
1179 1558 1217 1632 iu

164 1675 228 1748 Ad
246 1676 401 1774 plenum
418 1674 582 1750 lacinus!
611 1697 690 1772 quo·
706 1676 885 1748 transitus
902 1674 991 1748 inde
1009 1675 1180 1774 paratur!

166 1789 249 1865 Bos
263 1802 356 1877 aret,
367 1802 433 1865 aut
441 1801 599 1864 mortem
610 1790 819 1863 senioribus
830 1791 1126 1889 imputetannis:
1142 1794 1217 1864 470

166 1903 400 1980 Horriserum
419 1916 551 1979 contra
569 1904 718 1978 Borean
731 1905 810 1978 ovis
829 1929 932 1979 arma
948 1902 1159 1980 ministret:

167 2019 299 2095 Ubera
314 2020 412 2095 dent
423 2031 559 2094 saturae
576 2020 749 2100 manibus
770 2021 976 2119 pressanda
993 2023 1164 2120 capellas.

166 2133 282 2210 Retia
298 2161 385 2211 cum
403 2135 561 2234 pedicis,
581 2137 813 2235 laqueosque
831 2149 1009 2237 artesque
1027 2140 1178 2215 dolosas

164 2251 325 2327 Tollite:
353 2276 424 2326 nec
441 2251 629 2326 volucrem
647 2253 789 2326 mscata
803 2254 919 2328 fallite
936 2254 1063 2351 virga:

167 2368 252 2445 Nec
268 2369 476 2444 formidatis
493 2393 624 2443 cervos
643 2369 824 2443 includite
842 2371 987 2467 pinnis:
1141 2374 1216 2443 475

162 2483 252 2560 Nec
269 2487 390 2561 celate
406 2486 502 2558 cibis
516 2509 633 2558 uncos
648 2484 845 2559 fallacibus
859 2484 1004 2557 hamos.
1031 2485 1214 2579 [tantum;

166 2601 335 2690 Perdite,
348 2603 380 2675 si
393 2627 471 2700 qua
484 2613 641 2676 nocent:
661 2626 790 2675 verum
805 2601 886 2673 haec
901 2622 1055 2697 quoque
1069 2600 1215 2698 perdite

165 2717 248 2791 Ora
257 2729 392 2793 vacent
405 2719 550 2816 epulis;
572 2719 826 2815 alimentaque
840 2739 1004 2812 congrua
1018 2727 1188 2813 carpant.

218 2832 294 2908 ΙΙΙ.
324 2833 479 2909 Talibus
497 2845 613 2931 atque
630 2834 713 2907 aliis
732 2833 914 2906 instructo
932 2844 1085 2929 pectore
1103 2831 1214 2904 dictis

199 3072 258 3121 461.
280 3070 342 3120 Tuto
356 3087 401 3121 erre
418 3082 441 3120 ot
456 3072 568 3135 honum]
592 3071 667 3121 Heio·
751 3073 808 3120 471.
833 3073 913 3127 Auro,
934 3071 1008 3125 lanas,
1029 3084 1083 3134 que
1110 3069 1217 3133 prebent

165 3147 217 3195 rior
231 3144 336 3193 malebat
351 3155 403 3193 tntu
419 3155 486 3209 orproe
500 3148 612 3204 taudem
629 3144 667 3194 vel
717 3147 857 3195 vestimenta
874 3153 900 3194 et
918 3151 1055 3209 tegumenta
1073 3150 1154 3190 contra
1167 3142 1215 3191 vim

165 3229 220 3267 tuto
234 3235 278 3267 erre
293 3228 315 3268 et
328 3224 406 3268 luero:
423 3219 465 3268 sed
477 3221 567 3268 bomrto
578 3226 614 3268 art
624 3218 666 3267 bo·
718 3219 815 3279 liorem
831 3219 912 3267 confer
923 3233 972 3266 ver.
985 3217 1040 3265 117.

165 3307 224 3342 nore
234 3292 347 3350 ornanda,
354 3292 477 3350 honorata,
484 3301 512 3342 ut
522 3293 586 3360 apud
597 3292 667 3342 Cice·
749 3294 805 3342 475.
820 3292 948 3354 Formido]
967 3289 1112 3354 Intelligr'tur
1123 3288 1216 3337 lunico·

168 3380 258 3423 runem,
271 3367 348 3433 Epist.
365 3365 391 3416 ii.
404 3366 444 3416 15.
466 3366 575 3416 Curarem
590 3368 666 3414 bouer-
716 3366 754 3414 lur
763 3375 900 3415 venatorum
910 3365 994 3431 pennis
1004 3364 1043 3413 vel
1052 3365 1129 3425 pinuir
1140 3363 1216 3411 intex-

164 3442 335 3496 turaerrroolo,
348 3448 373 3488 et
383 3440 545 3506 alibiprrrim.
578 3439 665 3489 Gravi-
716 3448 763 3497 tus,
775 3456 822 3505 quo
832 3440 896 3488 cerri
911 3438 987 3488 territi
1002 3437 1027 3486 in
1036 3437 1098 3487 retia
1112 3437 1217 3502 ageban-

164 3524 203 3563 ter
220 3521 245 3562 st
265 3513 392 3563 admodum
411 3513 526 3563 invidioso
545 3513 665 3577 Thyesteo,
715 3523 766 3563 tur:
784 3513 839 3563 vide
855 3515 995 3579 interpretes
1013 3513 1044 3562 ad
1062 3513 1086 3561 b.
1096 3513 1113 3560 1.
1123 3521 1149 3561 et
1159 3512 1218 3561 Cer·

164 3600 254 3644 meare,
264 3601 357 3645 camur,
367 3603 427 3653 quus
443 3588 604 3637 inhabitdruut
615 3588 666 3637 ani·
716 3588 772 3636 dam
790 3588 821 3636 ad
839 3587 907 3652 Virg.
923 3588 1011 3652 Georg.
1027 3586 1061 3635 iii.
1076 3587 1134 3635 372.
1168 3586 1217 3635 Nec

165 3675 211 3708 mor
238 3660 375 3721 liberorum,
405 3662 513 3717 fratrum,
541 3670 666 3726 parentum
715 3665 795 3718 celata,
805 3670 853 3712 otc.
873 3661 990 3717 Tibullus,
999 3661 1034 3714 11.
1044 3660 1077 3711 vi.
1088 3661 1129 3709 24.
1139 3660 1217 3715 Quaem

164 3739 306 3784 nostrornm.
339 3736 459 3785 Inuidiore
476 3736 548 3784 etiam
565 3738 666 3784 oumub·
715 3746 793 3785 murres
806 3738 881 3784 homor
891 3738 979 3784 obdidit
990 3744 1045 3784 onte
1053 3737 1120 3783 cibor.
1156 3736 1215 3782 Coa·

166 3822 230 3856 mur·
715 3829 786 3876 grou,
806 3810 970 3861 convenientia
990 3809 1079 3875 corpori
1101 3808 1215 3856 humano·

199 3882 257 3930 463.
270 3881 345 3936 Quum
356 3883 526 3946 reparatam]
536 3883 616 3940 Quam
625 3898 667 3948 pa»
716 3887 843 3951 Eleganter
852 3900 945 3947 corpere
954 3886 1070 3932 alimento.

165 3955 298 4004 namabert
314 3956 356 4004 illo
373 3956 404 4004 ab
419 3956 554 4005 homicidio.
589 3956 668 4006 Verba
749 3961 888 4009 sta-551.
914 3960 1000 4023 Egeria
1017 3956 1100 4005 dolens
1116 3960 1215 4002 mortem

163 4028 373 4096 sequeutiaplena
387 4039 442 4079 runt
456 4030 565 4079 allectus.
598 4032 669 4086 Alite,
717 4034 804 4081 Numa
825 4040 930 4080 mutatur
950 4031 974 4079 io
987 4030 1089 4092 sontem.
1123 4026 1216 4075 Inserta

162 4102 270 4168 gallinis,
281 4105 401 4162 ruatibus,
413 4105 546 4155 ausoribus.
570 4106 669 4154 Plutum
718 4115 755 4155 art
771 4107 801 4156 da
817 4107 939 4168 Hippolyti
956 4102 1011 4152 fatis
1027 4110 1052 4150 et
1065 4100 1217 4150 transforma·

165 4177 442 4234 froiammomicidium.
720 4180 783 4229 tione
796 4179 821 4228 in
834 4179 936 4227 Virbiurrr
950 4170 1040 4227 sabuli.
1076 4176 1143 4223 Ultro
1156 4177 1215 4237 prri-
