2774 5004
163 316 228 383 388
461 313 501 378 Ρ.
525 311 688 379 OVIDII
712 308 926 377 NASONIS

170 489 302 586 Osque
320 510 446 561 meum
461 486 560 559 sensi
580 486 705 583 pando
722 485 972 559 occallescere
991 494 1133 571 rostro;
1252 564 1254 597 Ι

169 603 280 677 Colla
296 613 440 676 tumere
457 601 571 674 toris:
589 613 628 674 et
647 625 724 696 qua
741 599 853 673 modo
872 599 1011 697 pocula
1020 609 1133 697 parte
1252 608 1254 661 !

171 718 332 816 Sumpta
349 717 438 789 mihi
456 715 624 819 fuerant,
636 715 701 788 illa
719 715 877 811 vestigia
893 714 988 788 feci:
1092 713 1198 808 [suutl
1252 716 1254 727 '

170 834 346 930 Cumque
371 833 504 906 eadem
524 831 659 928 passis,
682 841 829 905 tantum
853 829 1108 904 medicamina
1131 852 1199 926 pos

171 949 337 1023 Claudor
353 948 464 1022 hara:
485 949 683 1044 solumque
702 946 781 1020 suis
798 946 965 1020 caruisse
982 945 1107 1044 ligura
1143 947 1202 1016 att

168 1064 342 1139 Vidimus
363 1062 639 1161 Eurylochum3
661 1063 764 1135 solus
781 1062 871 1136 data
887 1062 1027 1160 pocula
1043 1059 1149 1156 fugit.

170 1179 265 1264 Quae
283 1178 355 1253 nisi
371 1178 542 1264 vitasset,
562 1178 707 1276 pecoris
725 1202 812 1275 pars
830 1202 904 1252 una
922 1201 1116 1251 manerem

170 1294 207 1369 N
210 1320 283 1368 unc
302 1318 455 1391 quoque
473 1294 647 1390 setigeri:
669 1319 739 1368 nec
754 1305 869 1368 tautae
883 1293 1004 1367 cladis
1023 1294 1073 1367 ab
1092 1292 1152 1366 illo

172 1411 320 1484 Certior
337 1411 384 1484 ad
404 1410 540 1484 Circen
559 1410 656 1482 ultor
673 1409 838 1484 venisset
857 1408 1007 1482 Ulixes
1145 1411 1205 1480 290

171 1525 320 1600 Pacifer
337 1525 425 1598 huic
443 1526 601 1600 dederat
617 1525 747 1598 florem
766 1525 963 1622 Cyllenius
982 1525 1135 1612 album;

171 1641 281 1740 Moly
298 1654 433 1715 vocant
452 1642 608 1739 Superi;
629 1640 737 1737 nigra
753 1641 878 1714 radice
896 1652 1061 1714 tenetur.

171 1756 292 1830 Tutus
311 1781 368 1843 eo,
388 1757 615 1852 monitisque
634 1756 743 1828 simul
762 1755 979 1829 coelestibus
999 1756 1116 1830 intrat

174 1871 244 1945 llle
261 1873 414 1946 domum
434 1873 586 1946 Circes:
617 1884 654 1946 et
672 1873 719 1945 ad
738 1871 918 1943 insidiosa
935 1884 1093 1945 vocatus

174 1986 329 2072 Pocula,
349 2000 547 2061 conantem
566 1990 669 2085 virga
686 1988 851 2061 mulcere
869 1988 1028 2086 capillos
1146 1989 1210 2060 295

174 2101 377 2200 Reppulit;
407 2113 446 2175 et
461 2103 592 2176 stricto
611 2105 784 2202 pavidam
802 2104 984 2178 deterruit
1002 2127 1109 2178 ense.

173 2215 268 2289 Inde
287 2217 392 2297 fides,
405 2218 626 2314 dextrasque
644 2219 767 2293 datae:
788 2219 1033 2315 thalamoque
1046 2230 1214 2318 receptus

175 2331 351 2431 Conjugii
369 2333 508 2418 dotem,
525 2334 712 2408 sociorum
725 2359 893 2433 corpora,
914 2335 1052 2432 poscit.

206 2601 263 2649 286.
276 2601 378 2649 Clastdar
394 2603 452 2650 bara
459 2619 469 2660 ,¹
486 2604 557 2668 vulgo
570 2604 672 2653 Claudat
721 2605 798 2669 Moly,
813 2613 838 2652 et
853 2603 1016 2653 inventionem
1038 2604 1092 2669 ejus
1107 2603 1219 2653 Mercurio

174 2677 200 2723 ἐπ
220 2685 305 2732 natm
329 2678 375 2723 suls
394 2677 474 2732 mlum,
496 2687 543 2726 etc.
582 2678 672 2742 Regius
722 2679 835 2742 assignat,
852 2688 981 2742 contraque
997 2694 1094 2727 summa
1111 2677 1217 2727 venerios

174 2748 248 2796 codex
266 2749 298 2796 A.
309 2748 404 2812 quidem
422 2750 495 2799 babet
512 2751 572 2799 banc
589 2753 670 2817 vulga·
722 2752 875 2801 demonstrat.
907 2751 981 2801 Nasci
1000 2769 1052 2801 cam
1072 2753 1145 2802 hodie
1160 2753 1218 2801 circs

174 2830 222 2868 tarn
244 2822 378 2877 lectionem,
399 2823 441 2871 sed
462 2825 522 2872 bene
541 2841 570 2872 ex
592 2827 673 2874 multis
722 2825 855 2883 Pheneum,
865 2835 889 2874 et
904 2827 928 2873 in
939 2826 1042 2889 Cyllene
1052 2827 1165 2875 Arcadia
1177 2837 1218 2874 tra·

175 2893 288 2942 Heinsius
299 2894 373 2942 voluit
383 2896 453 2944 scribi
463 2898 531 2954 lara,
540 2898 604 2961 quod
612 2898 671 2962 legi·
722 2899 791 2955 dunt,
803 2901 881 2964 specie
894 2899 936 2947 illa
948 2900 1087 2955 Homerica,
1099 2901 1178 2949 radice
1186 2917 1219 2948 ro·

175 2975 213 3014 tur
223 2965 247 3013 in
256 2967 362 3030 RegioB
372 2986 378 3028 5
389 2980 458 3016 antra
469 2970 531 3018 enim
540 2987 569 3019 ex
580 2971 673 3035 glossa3
722 2974 798 3022 tunda
818 2974 942 3038 nigraque,
958 2974 1125 3037 magnitudine
1144 2989 1221 3039 crept,

175 3040 233 3087 bara
244 3051 324 3088 autem
335 3042 429 3106 propria
440 3053 494 3091 sunt
504 3048 592 3092 ariam.-
609 3046 673 3094 unde
724 3048 780 3095 lolio
790 3047 882 3105 scillsa3
898 3047 970 3096 effodi
981 3059 1062 3095 autem
1074 3046 1221 3096 difficulter?

175 3113 273 3163 Heroid.
287 3114 303 3162 i.
320 3117 374 3164 104.
392 3121 511 3167 immunda
528 3137 586 3167 rura
595 3122 674 3183 fidelis
724 3121 823 3176 Putant,
845 3121 992 3184 ll'ympbaeam
1017 3123 1095 3169 albam
1116 3119 1220 3183 intelligi,

174 3189 242 3236 bara.
289 3188 440 3252 Eurylochus,
463 3191 504 3255 qui
531 3202 586 3241 aute
614 3195 674 3244 iores
724 3197 762 3243 cui
781 3195 882 3250 Plinius,
894 3195 936 3243 lib.
947 3212 1004 3243 xxv.
1016 3197 1047 3244 st
1059 3212 1115 3261 sqq.
1126 3198 1166 3244 26.
1177 3195 1220 3242 risa

175 3270 301 3317 manserat,
318 3263 348 3310 ad
369 3280 452 3312 narem
475 3267 586 3322 cucurrit,
603 3277 674 3332 atque
723 3267 918 3332 refrigeratricem
940 3269 1031 3317 tribuit.
1075 3271 1162 3318 Vocant
1181 3270 1222 3316 Sa·

179 3335 267 3398 Ulyssi,
280 3336 337 3399 quid
349 3338 438 3386 factum
448 3339 480 3386 sit
489 3342 596 3404 exposuit
604 3359 611 3400 ;
625 3342 674 3391 Ho-
723 3345 773 3404 peri
780 3361 788 3399 ;
807 3341 860 3390 vide
878 3341 908 3390 ad
924 3342 956 3390 ri.
967 3343 1024 3390 640.
1058 3344 1149 3393 Radia
1166 3354 1221 3391 tene·

176 3423 236 3455 mer.
248 3408 297 3456 Od.
310 3415 341 3458 K.
352 3413 409 3458 244.
724 3424 774 3471 tar,
787 3415 865 3463 radice
879 3416 1019 3480 conjunctus
1033 3426 1070 3464 est
1084 3433 1141 3466 cum
1156 3427 1222 3472 terra,

207 3481 263 3527 291.
273 3481 368 3544 Pacifer
380 3485 432 3532 aaa
443 3487 546 3542 dederat,
555 3489 614 3551 etc]
625 3490 673 3538 Ve-
724 3489 827 3538 radicem
848 3489 926 3538 babet.
951 3490 1018 3538 Bene
1037 3495 1154 3540 insidiosa.
1183 3493 1222 3539 Ca·

174 3552 249 3600 nieuti
258 3553 338 3617 Ulyssi
350 3560 451 3605 occurrit
462 3559 605 3614 Mercurius,
615 3581 673 3626 χρυ·
724 3573 815 3610 nantem
831 3565 929 3610 mutam
937 3581 946 3621 ,-
964 3564 1035 3612 immo
1053 3567 1173 3630 percussit
1190 3581 1223 3613 re·

176 3624 303 3690 σόρῤαπις,
315 3636 388 3692 atque
400 3637 448 3676 taur
463 3630 671 3692 medicamentum,
724 3652 780 3685 vera
796 3637 927 3685 secundum
945 3639 1086 3694 Homerum,
1097 3656 1148 3688 ver.
1160 3641 1222 3688 ³192

175 3697 351 3780 papparomei
372 3702 471 3765 praebet,
488 3719 559 3767 quarn
579 3709 674 3758 consilis
723 3707 822 3774 Ῥιίβόῳ
850 3711 1006 3776 πεπληγυῖα.
1053 3714 1141 3761 Stricta
1168 3730 1223 3768 ease,

175 3787 229 3820 eum
238 3772 423 3832 instru1t5Hom.
430 3776 609 3845 ornatam.
619 3782 673 3831 Fla·
724 3783 791 3849 ξίφος
800 3782 973 3849 ἐρυσσάμενος,
985 3801 999 3833 a
1011 3786 1135 3836 Mercurio
1145 3787 1223 3836 admo·

172 3864 220 3894 rem
231 3848 316 3896 attam.
333 3847 400 3897 Idem
412 3851 468 3898 304.
479 3850 534 3917 ριζῇ
541 3855 587 3917 μὲν
592 3854 672 3919 μέλαν
722 3858 795 3914 nitus,
805 3859 830 3907 in
842 3874 895 3906 eam
905 3858 989 3920 irruit;
1006 3877 1056 3909 ver.
1068 3863 1129 3910 ast.

172 3921 234 3977 ἔσκε,
242 3919 349 3986 γάλακτι
358 3922 381 3971 dl
392 3924 487 3975 εἴκελον
496 3928 581 3987 ἄνθος.
593 3932 672 3979 Μῶλυ
755 3933 811 3981 298.
840 3932 949 3996 Cartjugr'l
976 3937 1058 3991 datam,
1084 3934 1225 3985 concubitus

173 3993 197 4044 di
215 4014 259 4060 μιν
278 3996 392 4046 καλέουσι
411 3999 468 4048 θεοί.
501 4000 603 4060 Plinius,
616 4020 672 4053 xxv.
721 4005 831 4070 pretium.
863 4006 983 4072 Cupiebat
1009 4009 1053 4058 illa
1078 4010 1225 4070 εὐνηθῆναι.

173 4071 203 4117 ⁴1:
222 4078 239 4098 ⁴¹
253 4070 428 4121 Laudatissima
440 4073 563 4122 herbarum
574 4084 610 4125 est
621 4077 670 4125 lla-
720 4078 760 4128 Sic
775 4083 912 4131 conamina»
925 4097 1004 4147 supra,
1018 4093 1044 4132 st
1061 4099 1128 4150 sape
1143 4087 1226 4146 aaajaa

172 4156 237 4192 mero
248 4152 316 4199 teste,
329 4161 401 4211 quarn
413 4146 490 4195 vocari
506 4163 521 4194 a
535 4148 589 4198 Diis
603 4159 672 4215 putat
720 4168 763 4216 pro
782 4163 886 4206 amante.
922 4158 1039 4207 Mamm
1056 4175 1153 4222 corpora
1174 4172 1225 4224 pro.
