2774 5004
330 342 799 409 METAMORPHOSEON
824 343 915 408 LIB.
939 342 1040 409 XIV.
1140 347 1208 411 466

159 516 355 604 Vultibus,
375 532 414 591 et
430 518 526 589 laetae
543 517 670 591 videre
688 517 872 612 rigescere
891 518 1049 615 puppim

162 632 351 705 Cautibus
367 633 526 720 Alcinoi,
543 656 754 729 saxumque
772 631 980 705 increscere
999 634 1115 728 ligno.
1135 637 1210 707 565

214 746 307 819 Vll.
329 747 427 845 Spes
442 760 534 835 erat,
550 749 588 820 in
602 748 802 845 Nymphas
816 747 980 820 animata
992 749 1114 822 classe
1131 772 1209 822 ma-

161 861 286 936 Posse
296 875 399 935 metu
411 864 567 937 monstri
580 863 766 935 Rutulum
776 863 1210 958 desisterebello.[rinas,

163 978 335 1067 Perstat3
354 980 546 1076 habetque
558 979 1210 1076 Deosparsutraque,quique,Deo·

165 1091 302 1178 Instar,
316 1093 457 1167 habent
467 1094 611 1168 animos
625 1120 633 1168 ε
655 1118 724 1167 nec
730 1096 810 1190 jam
821 1094 961 1167 dotalia
973 1118 1098 1189 regna,
1112 1097 1212 1190 [rum

165 1208 251 1282 Nec
270 1211 389 1283 soceri
409 1222 612 1308 sceptrum,
632 1220 772 1296 necte,
794 1208 948 1282 Lavinia
963 1210 1080 1304 virgo,
1138 1214 1212 1282 570

167 1322 246 1396 Sed
262 1324 396 1398 vicisse
415 1336 549 1422 petunt
565 1353 573 1410 ;
603 1325 892 1422 deponendique
911 1324 1053 1422 pudore

168 1437 281 1511 Bella
297 1450 456 1534 gerunt:
485 1439 715 1535 tandemque
733 1438 863 1512 Venus
882 1439 1049 1512 victricia
1065 1440 1144 1511 nati

167 1552 421 1641 Armavidet;
444 1553 668 1651 Turnusque
682 1554 800 1627 cadit:
823 1553 923 1627 cadit
936 1554 1073 1638 Ardea,
1085 1554 1212 1628 Turno

169 1665 335 1765 Sospite,
361 1669 465 1741 dicta
484 1679 635 1766 potens:
670 1693 784 1766 quam
808 1680 1008 1766 postquam
1032 1669 1213 1742 barbarus

167 1781 351 1869 Abstulit,
370 1795 410 1856 et
427 1785 556 1881 tepida
573 1786 762 1857 latuerunt
778 1794 879 1856 tecta
897 1782 1033 1869 favilla,
1098 1783 1213 1879 [ignis

170 1896 359 1992 Congerie
375 1921 397 1970 e
410 1898 534 1971 media
547 1910 627 1971 tum
642 1899 802 1995 primum
817 1898 967 1992 cognita
979 1920 1126 1993 praepes
1139 1900 1213 1970 576

169 2094 238 2144 davit
260 2095 359 2159 Regius,
381 2113 454 2161 quum
476 2107 531 2146 unte
555 2099 670 2163 legeretur
720 2099 831 2164 prestito,
861 2098 960 2145 Tandem
981 2101 1011 2146 od
1034 2096 1141 2159 Trq'auos
1162 2099 1215 2146 dius

171 2169 296 2231 Noryer'ae5
314 2170 331 2218 i.
341 2187 363 2219 e.
374 2171 455 2236 Ajacis
466 2172 530 2220 Oilei
542 2172 616 2229 ueris,
628 2171 668 2237 qui
719 2175 894 2234 superdomuit.
930 2171 1022 2218 Turnus
1031 2172 1093 2218 cudit
1104 2169 1216 2220 interiec-

168 2241 216 2291 luit
231 2243 359 2307 Narycios.
394 2245 504 2310 Ulyssem
516 2246 668 2310 benigneer·
719 2256 758 2294 tus
773 2245 931 2294 abAEueain
947 2245 1074 2293 certamine
1087 2244 1215 2309 singulam

169 2317 235 2381 cepit
247 2320 362 2374 Alcinous,
371 2319 499 2368 Phaeacum
510 2331 558 2376 rex,
566 2336 669 2385 cumque
719 2319 788 2382 Virg.
800 2319 841 2366 xii.
853 2329 914 2367 extr.

169 2405 232 2439 nave
243 2407 286 2439 sua
298 2393 463 2458 portarijussit
476 2394 602 2452 Ithacum
620 2395 668 2442 Ho-
738 2392 809 2440 'sta
827 2391 857 2438 Iu
874 2393 983 2438 barbarus
997 2393 1057 2454 ignis
1072 2389 1142 2453 (olim
1158 2392 1215 2439 ede·

170 2480 258 2519 merus,
272 2465 322 2513 Od.
338 2469 440 2515 nutu.
474 2468 513 2515 De
527 2468 578 2531 ejus
591 2477 668 2515 muta·
719 2466 789 2513 batur
806 2468 871 2521 ensis,
889 2473 916 2513 ut
931 2466 1017 2528 legitur
1033 2464 1058 2511 in
1073 2462 1155 2511 codice
1171 2464 1216 2518 A.)

171 2538 237 2585 tione
248 2538 272 2586 in
283 2554 366 2586 saxum
377 2540 424 2588 Od.
435 2546 468 2590 N.
481 2543 526 2590 155
537 2557 589 2606 sqq.
611 2541 668 2588 Pro·
720 2538 807 2586 haesere
829 2538 884 2585 iutt.
904 2536 961 2601 quia
974 2538 1095 2601 puthruut,
1112 2537 1215 2585 AEueem

170 2612 263 2676 euplus,
274 2611 304 2661 de
316 2612 385 2661 Bello
392 2614 524 2662 Gothorum
534 2615 573 2661 iv:
592 2622 609 2642 ‘¹
618 2616 669 2662 Na·
718 2611 769 2659 sine
783 2610 911 2658 offensione
928 2609 1031 2673 Augusti
1050 2624 1096 2656 non
1113 2608 1216 2671 potuisse

170 2700 225 2732 vem
238 2700 267 2732 ex
281 2686 336 2733 albu
350 2696 425 2749 petre,
436 2702 489 2749 quas
503 2687 528 2734 in
545 2686 671 2737 Phaeacide
720 2687 841 2732 herborum
849 2683 905 2732 dici.
914 2683 1075 2732 JacoCruce
1085 2681 1156 2745 igitur
1163 2680 1214 2730 heac

171 2758 268 2820 regione
279 2756 342 2822 apud
354 2774 417 2807 mare
429 2759 518 2815 visitur,
529 2759 601 2824 aliqui
617 2762 681 2808 eam'
720 2759 792 2806 verba
805 2757 835 2805 ud
846 2756 990 2805 Annibalem
1002 2754 1125 2808 referebat.
1138 2761 1217 2802 motus

170 2845 225 2878 esse
240 2839 372 2887 autumant,
387 2847 434 2897 qus
451 2832 549 2895 Ulysses
562 2833 670 2881 Ithacum
720 2831 798 2879 verbis
817 2829 934 2878 mendosis
954 2829 1027 2877 Servii
1046 2828 1076 2875 ad
1098 2829 1155 2875 ΞΛ.
1177 2826 1217 2875 vii.

171 2903 219 2951 suit
230 2904 373 2952 advectus.”
721 2906 783 2951 ⁴12:
803 2912 827 2951 ut
842 2902 944 2951 Ovidius
959 2911 1047 2957 narret,
1061 2916 1115 2965 que
1131 2902 1217 2949 AEneae

206 2976 346 3025 566-580,
357 2980 441 3034 Ardea,
453 2980 509 3027 urbs
519 2979 670 3034 Rutulorum,
721 2977 865 3041 temporibus
873 2974 1010 3024 acciderint.
1043 2972 1155 3022 Heinsius
1165 2987 1216 3021 urs-

173 3050 299 3099 interiecto
311 3051 398 3109 Turno,
409 3052 519 3101 incendio
533 3051 635 3107 deletur,
648 3059 673 3098 et
720 3049 794 3106 lebat,
812 3050 937 3098 Dardanus
957 3051 1023 3103 ensis,
1045 3054 1072 3094 ut
1090 3062 1140 3095 ver.
1158 3047 1216 3094 467.

172 3140 203 3171 ex
225 3123 344 3172 cineribus
363 3126 436 3173 oritur
453 3125 534 3173 Ardea
551 3125 608 3173 avis.
642 3123 672 3172 ln
724 3124 931 3187 Danausflummus
940 3139 948 3180 ,·
966 3122 1033 3184 Virg.
1049 3122 1106 3168 AErr.
1121 3119 1147 3167 ii.
1160 3119 1218 3167 276.

176 3197 294 3260 Nymphas
318 3202 420 3245 animata
445 3198 546 3247 breviter
573 3196 672 3252 dictum,
724 3196 823 3261 Phrygii
843 3200 923 3260 ignes,·
952 3194 1037 3242 Horat.
1056 3194 1079 3241 1.
1105 3192 1153 3241 Od.
1177 3194 1217 3242 13.

175 3270 281 3318 animate
295 3280 319 3319 et
335 3286 402 3320 versa
418 3272 444 3320 iu
457 3271 590 3336 Nymphas,
602 3279 629 3318 ut
638 3269 672 3317 iv.
723 3272 835 3318 Achatem
848 3272 918 3333 ignis.
935 3268 990 3315 Siue
1003 3283 1083 3315 causa.
1112 3267 1219 3331 Phryges

176 3345 234 3392 6l6.
242 3354 341 3405 exceptus
348 3349 421 3393 varios
428 3347 538 3393 animavit
546 3349 673 3407 inungues.
721 3358 784 3407 saepe
803 3344 914 3391 dicuntur
928 3342 978 3388 sine
994 3339 1085 3388 invidia
1103 3348 1145 3388 eut
1161 3355 1218 3388 eun·

179 3418 245 3465 Posse
265 3421 369 3465 desistere
386 3434 436 3482 pro,
454 3419 510 3474 lore,
527 3425 554 3465 ut
568 3416 674 3464 desistet.
722 3423 813 3480 tempto
832 3417 932 3469 barbari,
946 3423 972 3461 ut
988 3429 1034 3461 ver.
1050 3414 1104 3461 l63.
1122 3414 1219 3461 barbara

178 3492 383 3547 Monstrumrnira
391 3491 570 3546 transformatio,
578 3498 674 3553 utsoepe
721 3505 789 3548 prora
798 3508 807 3547 ,·
825 3489 878 3538 vide
889 3488 919 3537 ad
934 3488 968 3536 xi.
983 3488 1037 3534 162.
1071 3486 1179 3551 Heynitrs
1189 3487 1220 3536 ed

176 3564 242 3629 apud
255 3565 376 3612 Nostrum.
410 3566 476 3619 Deos,
493 3581 547 3611 suos
563 3565 638 3617 Deos,
649 3561 673 3610 id
722 3563 811 3612 Tibull.
830 3563 865 3611 ll.
883 3581 908 3610 v.
925 3564 966 3610 46.
988 3560 1100 3624 iutelligit
1121 3577 1219 3618 servum,

176 3647 213 3686 est
232 3637 277 3685 sibi
304 3637 426 3703 propitios.
462 3639 674 3700 Quique-animm.
724 3637 843 3687 crudelem
863 3639 950 3701 ignem,
971 3645 1042 3699 atque
1069 3636 1140 3684 etiem
1167 3639 1219 3683 hur·

176 3712 334 3760 duceslortcs
348 3721 372 3759 et
386 3717 459 3760 acr'es.
492 3711 586 3759 Laudat
601 3709 675 3756 Heiu—
726 3713 805 3758 harum
823 3711 928 3758 Turnum
945 3709 978 3757 ibi
996 3709 1169 3773 interpretatur,
1186 3709 1220 3757 fo·

175 3783 225 3832 sius
235 3783 296 3832 illud
306 3783 429 3840 Mezentii,
440 3785 527 3831 Dextra
536 3784 591 3830 mihi
603 3782 675 3829 Deus.
725 3800 814 3840 rocem,
827 3783 954 3831 crudelem.
982 3782 1115 3829 Latuerrsnt
1126 3781 1218 3845 subss-

211 3858 268 3904 571.
289 3857 369 3904 Vieisse
384 3858 469 3906 Greco
481 3872 544 3904 more
557 3871 607 3921 pro,
622 3855 674 3901 vic·
726 3860 790 3912 oilla.
802 3858 928 3921 absumpto
938 3856 1040 3910 luerunt,
1051 3864 1075 3902 et
1085 3853 1181 3902 reducta
1193 3853 1220 3901 in

176 3929 269 3979 terium.
299 3927 675 3990 Depoueudisciliceturma,bel·
725 3931 824 3979 cineres.
983 3932 1000 3961 θ

176 4005 237 4052 lum.
269 4004 350 4050 Mores
363 4002 503 4050 bellatorum
516 4003 578 4050 bene
590 3998 674 4049 notati.
757 4005 812 4052 676.
835 3998 1071 4066 Congerisemedia]
1098 3996 1221 4046 Plurimie

179 4077 388 4138 Tandemqus,etc.
422 4075 501 4123 Etiam
512 4073 630 4127 Tibullus.
640 4072 675 4120 11.
725 4080 814 4133 medim-
832 4075 881 4131 alii,
903 4084 929 4122 ut
944 4073 1018 4122 codex
1038 4070 1129 4133 Regius
1144 4069 1177 4117 A.
1194 4073 1221 4120 s'n

177 4168 201 4200 ν.
215 4151 256 4199 46.
268 4149 299 4199 de
314 4151 358 4199 hoe
374 4149 474 4199 Veneris
487 4149 575 4198 auxilio
590 4150 674 4196 AErrere
725 4152 813 4205 modim
831 4147 936 4212 quidem,
948 4155 974 4194 ut
984 4143 1058 4194 codex
1070 4141 1222 4192 Remittunt
