2774 5004
172 338 239 403 144
485 330 528 397 Ρ.
550 328 713 398 0an
735 329 952 398 NASONIS

173 509 372 584 Sidereum
390 505 520 602 gracili
536 515 711 604 spectare
726 508 924 581 cacumine
940 506 1096 582 coelnm.
1155 511 1217 581 140

172 623 376 721 Ingemuit,
394 621 591 720 tristisque
609 622 736 698 Deus:
762 631 788 662 “
806 621 1003 720 Lugebere
1021 622 1149 710 nobis,

172 738 416 835 Lugebisque
434 737 540 824 alios,
558 736 759 836 aderisque
776 737 1032 824 dolentibus,”
1050 739 1189 836 inquit.
1259 762 1261 775 ·

216 851 294 927 Ill.
307 851 913 942 Talenemusvatescontraxerat3
930 855 1049 952 inque
1061 853 1218 929 ferarum

170 967 344 1044 Concilio
362 968 508 1042 medius
526 968 638 1041 turba
654 969 924 1066 volucrumque
939 969 1118 1044 sedebat.

170 1083 226 1159 Ut
239 1085 330 1158 satia
348 1084 531 1183 impulsas
546 1083 706 1156 tentavit
723 1084 860 1180 pollice
878 1084 1064 1173 chordas3
1151 1088 1214 1158 145

168 1199 220 1276 Et
236 1201 355 1277 sensit
371 1200 507 1283 varica,
526 1182 698 1295 quamvis
715 1199 863 1273 diversa
879 1211 1070 1285 sonarent,

167 1316 409 1392 Concordare
428 1314 580 1402 modos;
610 1315 681 1388 hoc
697 1338 828 1388 vocem
845 1316 1010 1390 carmine
1027 1316 1158 1414 rupit:

170 1434 264 1508 “Ab
277 1433 384 1520 Jove,
398 1431 512 1506 Musa
527 1454 674 1529 parens,
685 1431 827 1505 cedunt
834 1429 858 1504 J
860 1431 940 1504 oris
952 1431 1084 1505 omnia
1093 1455 1215 1529 regno,

167 1668 236 1709 nere,
248 1652 372 1718 accipere5
389 1650 423 1699 iii.
438 1667 467 1699 ex
485 1651 569 1707 Ponto,
584 1651 617 1700 ir.
627 1652 669 1700 ³1.
718 1663 771 1697 snm
789 1657 850 1698 erat.
882 1647 946 1698 wne
963 1647 1081 1705 Plinium,
1099 1647 1217 1697 mind.

167 1740 254 1772 sams
270 1726 377 1787 vigorem
402 1723 501 1779 Grandi,
513 1723 587 1773 tenui.
718 1721 748 1769 In
766 1722 831 1771 bello
847 1738 902 1771 cnm
915 1721 1042 1770 Titanibus
1057 1729 1155 1787 raptum
1170 1735 1218 1770 esst

203 1798 257 1845 142
275 1798 417 1861 Lngebtsque
432 1797 509 1859 atra]
529 1797 669 1863 Cupreszus,
708 1795 884 1860 ,Goymeuen
901 1809 916 1844 s
931 1795 1001 1852 Jove,
1012 1802 1138 1859 praeunte
1155 1794 1218 1858 signs

167 1871 226 1919 torte
244 1871 301 1936 quia
317 1886 380 1919 cassa
397 1886 443 1919 non
460 1871 609 1935 regerminat,
626 1880 669 1921 aut
717 1868 814 1933 aquilea
824 1868 957 1933 suspicatur
964 1867 1106 1932 Fulgentius
1116 1867 1217 1932 Mytbsl.

167 1945 198 1993 ob
218 1943 314 1992 loturam
332 1943 431 1998 tristem,
449 1943 501 1991 Diti
519 1954 666 2000 consecrate,
718 1941 737 1990 i.
751 1943 799 2001 253
816 1940 897 1991 conler
913 1941 1027 2008 Apollod.
1038 1941 1076 1990 11.
1087 1959 1114 1990 r.
1125 1943 1156 2002 93
1172 1941 1219 1990 111.

167 2024 224 2067 ente
240 2017 359 2066 mautarn
374 2015 470 2064 domurn
487 2018 627 2082 ponebatur,
638 2033 668 2067 ne
718 2016 760 2065 xii.
776 2019 803 2066 2.
821 2017 862 2065 nbi
879 2016 988 2082 Heyuius
1008 2025 1100 2074 muna,
1119 2016 1216 2066 mudum

167 2091 222 2158 quis
231 2106 280 2139 rem
291 2089 397 2138 divinam
407 2089 520 2146 facturus,
531 2091 669 2156 imprudens
718 2089 805 2139 fabule
822 2099 923 2140 veterem
940 2105 992 2139 esse
1010 2089 1128 2155 loquendi
1142 2107 1216 2147 mun,

166 2163 273 2221 intraret,
285 2171 356 2227 etque
367 2162 401 2210 ita
411 2161 566 2227 pollueretur.
587 2166 670 2214 Aderit
717 2163 786 2227 cujus
803 2178 885 2213 sensus
903 2161 943 2218 sit,
960 2161 1033 2211 fuine
1050 2161 1215 2229 Ganymedem

166 2239 302 2294 delentibus,
309 2237 364 2286 uti.
375 2237 432 2286 560.
439 2236 470 2285 de
481 2238 556 2294 lauro,
566 2240 668 2287 sudaei·
717 2236 902 2302 puleberrimum
921 2252 1029 2302 puerum
1050 2235 1162 2302 dignum,
1178 2237 1217 2303 qni

168 2313 209 2360 lus
218 2314 303 2359 aderis.
717 2325 772 2359 cum
783 2310 838 2359 Diis
853 2319 925 2360 esset.
960 2309 1125 2368 costuma,
1135 2319 1218 2360 cantus

199 2385 336 2434 143-161,
355 2383 505 2448 Ganymedes,
516 2384 618 2450 primum
627 2399 666 2434 ca-
717 2384 753 2435 sui
767 2384 885 2434 saevitate
902 2393 1097 2448 congregaverat.
1108 2391 1217 2450 coegerat

166 2460 245 2511 nentis
255 2459 346 2526 Orphei
357 2467 531 2524 argumentum.
559 2459 614 2508 Fuit
624 2475 666 2509 au·
716 2460 839 2515 inlocum,
849 2459 889 2508 cni
899 2458 983 2507 umbra
992 2456 1086 2506 deerat.
1122 2457 1217 2506 contn-

166 2545 214 2586 tem
225 2533 379 2598 Ganymedes
390 2532 458 2581 Trois
472 2532 544 2589 tilius,
555 2532 614 2598 (etsi
625 2534 667 2582 alii
718 2535 770 2582 ltere
788 2535 885 2588 soniis,
901 2533 992 2588 reddes,
1006 2540 1122 2589 mass,
1138 2535 1218 2582 αέα

164 2609 247 2669 aliter;
265 2607 319 2657 vide
330 2608 443 2656 Munker.
454 2605 486 2655 sd
497 2606 587 2671 Hygini
599 2606 666 2656 febu-
717 2606 817 2674 panim:
830 2604 981 2671 ridellum.
1015 2604 1216 2672 Gneils‘mqaie

164 2690 212 2738 lam
229 2685 286 2733 271.
297 2692 321 2731 et
331 2682 431 2731 Burnes.
442 2680 472 2729 ad
490 2681 571 2746 Eurip.
581 2680 667 2730 Troed.
716 2681 838 2737 audiendi,
849 2696 896 2729 non
906 2677 1054 2729 deliberandi
1065 2690 1150 2738 musa,
1161 2696 1216 2730 ntus·

165 2774 216 2809 rer.
228 2756 301 2818 822.)
315 2756 403 2806 eximia
414 2754 589 2821 pulchritudine
597 2755 667 2818 juve·
716 2763 844 2805 venerant:
861 2753 916 2802 vide
927 2753 957 2801 ad
967 2752 985 2802 i.
997 2753 1053 2803 167.
1086 2753 1144 2803 Non
1159 2763 1215 2812 erat,

165 2832 210 2889 nis,
221 2846 293 2896 quern
303 2830 398 2896 Jupiter
408 2830 446 2878 vel
463 2829 514 2894 ipse
525 2838 631 2877 mutatus
641 2828 666 2877 in
716 2845 758 2879 cnr
769 2828 881 2878 Heinsius
895 2826 1014 2883 suaderet,
1025 2829 1099 2875 turbe
1108 2830 1217 2877 coluris

164 2907 277 2971 aquilam,
289 2905 327 2953 vel
345 2904 419 2952 missa
437 2902 519 2967 aquila
536 2903 624 2967 rapuit,
637 2918 665 2951 ac
715 2921 773 2966 φης
795 2918 898 2967 namque
917 2906 943 2950 irs
962 2900 1032 2950 lacile
1048 2909 1129 2965 potest
1143 2902 1216 2969 repeti

164 2993 252 3026 mense
263 2977 308 3026 sibi
320 2977 452 3025 ministrnm
463 2975 528 3023 lecit
560 2976 621 3023 Fons
631 2976 665 3024 sa·
714 2976 769 3026 ἀπὸ
785 2978 877 3033 κοινοῦ,
887 2983 912 3025 et
929 2992 973 3038 qus
987 2990 1051 3040 saepe
1066 2977 1137 3024 tertio
1148 2977 1216 3025 verbu

164 3051 227 3100 bula
244 3059 280 3100 est
291 3052 387 3099 Homer.
398 3051 428 3098 11.
438 3055 465 3097 Υ.
475 3050 532 3096 232.
543 3058 568 3096 et
584 3049 665 3114 hymn.
715 3050 872 3115 subjungitur.
905 3047 945 3097 Sic
963 3056 988 3098 et
1004 3049 1159 3098 Burmannus
1176 3049 1215 3114 qui

164 3125 227 3174 Ven.
236 3126 284 3172 203
296 3139 348 3189 sqq.
360 3123 400 3171 ubi
416 3132 497 3170 tamer.
514 3137 560 3168 nou
578 3124 664 3185 aquile
714 3123 790 3180 addit,
810 3138 878 3188 posse
899 3122 971 3171 etiam
995 3122 1108 3187 conjungi
1129 3127 1217 3172 nsdisss

163 3198 301 3252 ministerio,
313 3196 355 3246 sed
372 3195 477 3261 procella
494 3205 575 3259 raptus
592 3196 664 3244 tradi·
716 3200 791 3253 turbe,
801 3205 827 3245 ut
835 3197 872 3244 11.
881 3196 939 3244 Am.
948 3195 996 3244 rvi.
1005 3196 1044 3243 1³.
1056 3195 1152 3244 Medias
1163 3197 1216 3245 Pol·

163 3279 210 3318 tur.
244 3269 374 3334 Displicuit
391 3269 436 3316 hoc
456 3268 594 3332 figmentum
613 3269 665 3319 Cic.
716 3272 797 3319 lsweet
810 3271 902 3318 casm
912 3286 993 3331 ponor.
1026 3267 1214 3336 Sedillud,opi·

163 3342 235 3389 Tuae.
246 3341 262 3388 i.
272 3343 319 3388 26:
337 3349 353 3369 “
364 3343 417 3390 Nec
435 3342 565 3390 Homerum
584 3342 663 3397 audio,
716 3360 766 3399 nor,
780 3342 874 3391 melius.

164 3413 206 3479 qui
225 3413 390 3476 Ganymedem
410 3429 425 3461 a
444 3414 499 3462 Diis
517 3424 610 3478 raptum
632 3415 665 3464 uit
749 3419 806 3466 145.
828 3417 860 3465 Ut
875 3415 1125 3478 sutisimpulsos‚etc.]
1144 3416 1216 3481 Inge-

164 3494 258 3551 propter
267 3485 374 3541 sormam,
386 3495 412 3533 ut
423 3488 439 3535 J
441 3487 479 3533 ovi
492 3487 573 3534 bibere
585 3487 665 3536 minis·
715 3491 780 3540 nicee
797 3490 901 3539 musicus
916 3488 1056 3538 describitur
1072 3499 1217 3553 prestentsns

163 3567 245 3607 traret.
280 3558 395 3621 Fingebat
422 3559 473 3607 hac
499 3559 617 3607 Homerus
641 3570 665 3609 et
715 3573 740 3612 et
760 3564 884 3629 experiens
905 3563 1035 3611 tensionem
1060 3562 1213 3620 chordam,

163 3631 268 3680 humanu
287 3631 318 3678 ad
337 3632 403 3680 Deos
419 3632 602 3681 transferebat.'’
634 3636 664 3683 ln
714 3645 931 3703 antequamcanat.
953 3637 1140 3687 Conlers.8³9.
1167 3637 1214 3686 Iss-

164 3706 274 3772 Xenoplr.
284 3706 393 3771 Sympos.
404 3705 452 3753 viii.
464 3708 505 3754 30.
517 3706 664 3757 existimetur
711 3713 796 3772 pellere
808 3713 890 3774 pollice
904 3712 999 3759 chordas
1012 3719 1050 3758 est
1064 3709 1139 3758 etism
1150 3710 1215 3776 apud

165 3778 663 3846 nunpropterpulchritudinemsedprup·
712 3783 847 3841 Tibullumf
863 3785 898 3831 Il.
916 3800 939 3832 ν.
960 3786 990 3844 3;
1016 3783 1114 3832 Pollieis
1131 3787 1213 3840 istm,

164 3861 200 3903 ter
217 3851 289 3900 animi
307 3851 374 3900 dotes
390 3861 471 3916 raptus
490 3869 556 3911 ωας
583 3856 663 3903 confer
712 3858 869 3923 pulsationem
891 3856 987 3905 citharas
1007 3855 1070 3904 dixit
1089 3856 1215 3912 Horatius,

166 3926 286 3982 Horatius,
295 3924 328 3973 iv.
338 3925 386 3974 0d.
397 3929 421 3974 4.
432 3925 483 3975 init
491 3935 515 3975 et
526 3927 593 3992 Virg.
605 3931 663 3978 AEn.
713 3930 759 3979 1v.
767 3930 854 3980 Odvi.
863 3932 904 3979 ³6.
929 3929 1061 3986 Modisoui
1072 3945 1133 3994 quos
1140 3930 1216 3980 edunt

164 4003 242 4052 um
253 4017 307 4066 sqq.
316 4000 357 4049 ubi
369 4001 413 4049 hoc
424 4011 588 4064 argumentum
596 4002 663 4051 chla-
712 4004 943 4070 percussacborde.
977 4004 1100 4067 Rumpere,
1108 4013 1136 4053 ut
1146 4004 1215 4054 Gre-

163 4073 435 4140 mydiintsrtumfuiese
444 4073 551 4123 traditur.
583 4075 664 4125 Sedet
713 4076 868 4142 οἰιρἡσειν.

164 4148 190 4199 in
204 4148 285 4201 multis
300 4147 354 4199 aliis
370 4146 427 4198 artis
443 4148 553 4215 operibus
567 4165 663 4218 expres·
748 4152 803 4202 148.
820 4154 855 4201 At
869 4152 933 4209 June,
946 4151 1017 4202 Mass
1030 4150 1136 4217 persea]
1158 4151 1214 4202 Jsru
