2774 5004
272 364 296 406 x
622 340 970 409 ARGUMENTUM

276 514 457 579 Undecima
471 513 640 599 Orpheam
653 512 767 601 lugere
782 514 943 580 volumina
957 528 1094 581 mortem

320 616 513 681 Instituunt:
537 616 661 681 asinum
675 617 771 702 lingit
785 616 907 701 Apollo
922 617 1060 696 Midam,

276 719 360 784 llion
374 729 407 783 et
422 719 543 783 condit.
589 717 760 784 Telamoni
774 719 916 784 traditur
930 742 1013 784 uxor

321 819 479 895 Hesiona,
494 819 644 884 AEacidae
657 821 712 884 vix
726 832 878 904 superata
892 820 1019 884 Thetis.

277 921 374 986 Tunc
389 922 431 985 ad
447 921 586 1006 Ceycem
600 922 799 986 convertitur
814 921 1080 1008 Halcyonemque

320 1023 470 1099 Carmen,
485 1036 519 1087 et
533 1023 575 1086 ad
591 1022 747 1108 Morphei
762 1025 884 1088 somnia
898 1047 976 1089 vera
988 1026 1096 1090 nimis.

277 1124 329 1189 Illi
342 1147 419 1188 mox
433 1123 503 1201 alis,
519 1122 607 1189 velut
620 1124 774 1200 AEsactu,
788 1146 866 1191 aera
879 1124 1021 1210 pulsant,

322 1227 513 1302 Priamides,
529 1249 623 1291 verso
636 1248 773 1311 corpore
787 1227 892 1292 factus
907 1229 984 1291 avis.

279 1431 392 1508 Troia,
407 1432 463 1515 qui
478 1432 635 1516 sequitur,
651 1430 737 1496 bella
751 1431 899 1508 exhibet,
916 1430 1154 1516 Iphianassam,

323 1534 369 1598 Et
385 1533 620 1598 Centaurorum
635 1533 747 1617 praelia
761 1555 845 1598 saeva
859 1533 953 1611 liber,

280 1636 437 1723 Cycnum,
453 1659 490 1700 ac
506 1635 614 1712 Nelei,
629 1638 782 1701 mutantis
796 1639 828 1700 in
844 1637 950 1700 omnia
963 1637 1055 1714 mire,

324 1737 406 1800 Fata
421 1735 634 1820 Periclymeni
646 1763 654 1814 3
678 1760 753 1801 mox
768 1749 836 1814 tua,
850 1749 926 1801 nate
941 1737 1028 1815 Dea,

279 1837 422 1914 Funera,
437 1837 585 1902 nolentes
600 1861 696 1923 quem
712 1838 830 1904 Peleus
844 1838 991 1924 almaque
1005 1851 1110 1905 mater

325 1941 512 2018 Armhrant,
527 1953 639 2006 notum
654 1964 786 2006 munere
802 1941 984 2006 Lartiadae:

227 2070 233 2080 ·
280 2042 369 2106 Nam
384 2042 476 2105 Paris
491 2044 625 2126 ignavus
640 2042 757 2107 fortem
770 2044 930 2127 percussit
944 2041 1119 2121 Achillem,

325 2143 527 2206 Obvertente
542 2143 614 2228 ipso
629 2142 752 2227 spicula
766 2155 855 2208 certa
870 2143 955 2208 Deo.

282 2347 406 2412 Pelidae
421 2348 591 2412 ambierint
604 2359 641 2412 ut
658 2347 792 2433 Ulysses
806 2351 891 2413 mitis
905 2360 939 2413 et
954 2348 1042 2434 Ajax

327 2452 439 2528 Arma,
454 2450 536 2516 liber
550 2452 665 2535 pandit
679 2452 793 2515 tertius
808 2474 828 2515 a
841 2453 977 2517 decimo.

284 2555 444 2638 Pergama
458 2552 676 2638 conflagrant3
700 2552 840 2617 Hecube
854 2553 943 2617 canis
957 2553 1062 2618 induit
1076 2576 1146 2629 ora,

327 2657 466 2720 Aurorae
481 2654 617 2719 volucris
631 2667 759 2739 gnatus,
774 2667 811 2719 ut
824 2656 964 2732 interiit3

284 2762 360 2845 lpse
375 2758 487 2823 relicto
502 2758 589 2821 Anio
605 2756 722 2821 Scillan
738 2757 822 2841 fugit
835 2769 933 2841 atque
948 2756 1140 2840 Charybdin

327 2861 471 2936 AEneas;
496 2860 640 2944 sequitur
654 2882 736 2942 quos
752 2858 972 2944 Polyphemus
988 2879 1109 2933 amans,

285 2963 398 3027 Acidis
414 2962 591 3026 exstinctor
606 2961 720 3035 teneri,
737 2960 908 3043 dictusque
923 2981 982 3044 per
997 2957 1116 3023 herbas

329 3064 474 3127 Piscator
490 3061 596 3147 pelagi
611 3060 756 3125 Glaucus
773 3060 878 3125 adisse
894 3061 994 3125 Deos.

250 3250 253 3261 ³
287 3272 385 3334 Simia
396 3271 463 3353 jam
480 3269 623 3351 Cercops
638 3266 741 3329 fuctus
757 3264 939 3350 legiturque
956 3262 1090 3347 Sibylla,

329 3373 432 3454 Inque
447 3370 516 3434 fera
531 3370 602 3453 ripa
616 3367 703 3431 solus
718 3366 979 3441 Achaemenides,

286 3472 421 3558 Cyclopi
435 3471 574 3556 elapsus.
622 3470 826 3553 Laestrigona
839 3469 962 3532 viderat
976 3466 1068 3541 alter,

330 3575 413 3638 Mox
428 3575 556 3636 Circen.
603 3574 673 3640 Pici
688 3586 755 3669 tum
771 3572 857 3635 subit
873 3570 1015 3643 historia,

288 3679 334 3743 Et
350 3676 522 3740 Diomedei
537 3677 670 3738 numeri.
718 3673 911 3757 Cythereius
926 3672 1022 3735 beros

331 3781 413 3843 Cum
428 3778 551 3840 ratibus
566 3776 682 3839 vertit:
706 3774 779 3838 calx
794 3774 893 3838 habet
909 3772 1016 3857 Iphin,
1034 3772 1135 3836 habet

288 3884 351 3958 Te,
368 3881 400 3943 V
403 3893 566 3954 ertumne;
591 3878 695 3941 Deam
707 3879 852 3963 junctam
868 3876 943 3951 tibi;
967 3875 1110 3958 denique
1128 3897 1251 3956 regem,

332 3986 444 4067 Cujus
462 3984 522 4060 avi,
539 3983 625 4066 cepit
641 3978 799 4046 Romulus
814 3979 992 4060 imperium.
