2774 5004
291 316 358 382 lou
584 311 623 376 P.
647 309 811 376 OVIDll
837 310 1050 377 NASONIS

294 487 380 561 Hoc
397 485 594 585 prohibete
611 485 730 570 nesae,
749 485 961 583 scelerique
978 483 1146 560 resistite
1164 494 1296 573 tunt03

295 603 337 676 Si
348 614 475 677 tamen
485 601 558 675 hoc
568 601 694 676 scelus
705 612 784 677 est:
801 601 980 676 sedenim
991 601 1342 696 damnarenegatur

293 718 404 795 Hanc
422 717 609 792 Venerem
627 719 771 818 pietas3
802 728 1018 815 coeuntque
1033 715 1218 790 animalia
1233 715 1331 788 nullo

295 835 435 909 Cetera
451 833 622 922 delectu3
652 859 722 909 nec
740 836 900 910 habetur
915 845 1027 933 turpe
1039 834 1221 930 jurencae
1271 832 1334 904 325

294 949 407 1024 Ferre
426 960 569 1046 patrem
588 959 715 1045 tergo:
743 949 786 1023 fit
804 971 904 1046 equo
922 972 992 1022 suu
1007 947 1087 1021 filia
1102 948 1270 1043 conjux;

294 1063 475 1162 Quasque
490 1064 641 1151 creavit,
657 1064 728 1138 init
741 1066 921 1162 pecudes,
933 1086 1068 1162 caper:
1089 1063 1267 1161 ipsaque,
1278 1085 1333 1135 cu-

294 1179 447 1254 Semine
464 1189 651 1277 concepto
666 1189 738 1266 est,
757 1203 808 1254 ex
825 1179 891 1253 illo
908 1179 1075 1275 concipit
1092 1177 1187 1251 ales.
1267 1177 1332 1274 [jus

294 1294 453 1381 Felices,
473 1295 612 1393 quibus
629 1293 702 1367 ista
719 1294 854 1369 licentl
882 1295 1048 1368 humana
1064 1293 1253 1389 malignas

294 1410 397 1485 Cura
413 1410 519 1484 dedit
535 1410 652 1506 leges,
672 1420 711 1483 et
728 1411 831 1507 quod
851 1408 886 1482 N
891 1419 1000 1482 utura
1017 1406 1189 1493 remittit,
1270 1409 1334 1481 339

293 1524 428 1600 Invida
439 1527 527 1623 jura
542 1536 703 1622 negent:
733 1535 865 1621 gentes
883 1534 1011 1599 tamen
1029 1547 1115 1598 esse
1132 1522 1313 1609 feruntur,

293 1638 339 1713 In
357 1640 497 1737 quibus
515 1651 554 1715 et
571 1652 660 1718 nato
678 1639 864 1736 genetrix,
884 1650 924 1715 et
939 1650 1029 1714 nata
1044 1639 1196 1737 parenti

292 1753 481 1851 Jungitur,
507 1767 547 1828 et
563 1756 684 1853 pietas
703 1756 892 1852 geminato
910 1754 1047 1830 crescit
1065 1779 1206 1830 amore.

199 1906 205 1923 ν
294 1867 363 1943 Me
379 1868 567 1955 miseram,
587 1870 690 1967 quod
707 1894 781 1944 non
799 1870 904 1944 nasci
921 1870 1015 1944 mihi
1032 1871 1193 1966 contigit
1209 1869 1300 1954 illic,

295 1983 536 2082 Fortunaque
554 1986 625 2059 loci
643 1987 779 2061 laedorl
797 1987 890 2085 quid
907 1986 946 2060 in
963 1987 1038 2060 ista
1055 1985 1251 2059 revolvor?
1269 1988 1335 2058 335

324 2233 381 2281 339.
398 2231 534 2298 drusun]
549 2234 661 2300 Sequitur
669 2235 790 2300 soliloqni·
839 2237 955 2300 geminato
964 2236 1044 2284 crescit
1054 2247 1138 2280 amm.
1167 2229 1341 2280 Potuissetcti-

293 2321 343 2363 um,
353 2305 378 2354 iu
395 2322 443 2371 quo
458 2323 514 2358 rnox
530 2307 630 2357 effectus
643 2309 725 2366 vincit,
736 2324 790 2357 mox
841 2324 888 2365 rur,
899 2317 1008 2373 utsupra
1019 2305 1112 2371 Byblis,
1122 2305 1233 2354 Deorum
1242 2303 1341 2354 muri·

291 2395 352 2429 sano
368 2380 435 2439 rstio,
452 2391 480 2431 st
495 2397 566 2447 supra
582 2383 615 2432 ix.
631 2384 680 2432 473
696 2399 749 2448 sqq.
766 2383 791 2431 in
840 2391 903 2431 tutes
912 2396 1104 2431 commemorare.
1137 2379 1237 2444 Jupiter
1247 2378 1341 2427 eui-et

292 2453 446 2505 fluctuatione
463 2455 581 2521 Byblidis.
614 2455 720 2505 Primum
733 2471 792 2506 sanc
841 2456 909 2505 ursui
926 2464 1034 2520 stuprum
1050 2454 1136 2503 interro
1149 2453 1238 2509 voluit,
1249 2462 1275 2502 et
1292 2468 1341 2501 curu

292 2527 350 2577 ratis
361 2537 407 2587 est,
417 2539 443 2578 et
454 2531 560 2580 Deorum
575 2529 690 2579 suxiliurn
705 2530 790 2594 implo-
841 2530 890 2579 filiu
900 2530 1043 2589 concubuit,
1059 2528 1101 2578 sed
1113 2537 1179 2577 rectu
1194 2527 1252 2576 illus
1268 2527 1342 2576 misit

292 2611 341 2652 ¹⁸²2
362 2605 413 2658 Quo
426 2605 572 2669 mentsfsror
581 2605 644 2653 boue
659 2603 689 2653 de
701 2603 737 2663 iis,
748 2604 791 2669 qui
841 2605 929 2654 Noster
948 2605 974 2653 in
993 2603 1093 2668 flagitio,
1112 2602 1183 2667 cujus
1208 2601 1341 2652 sodim-

290 2678 396 2727 scutiunt
416 2694 442 2728 sc
462 2679 549 2730 furiosa
572 2678 673 2728 consilis
697 2694 792 2744 capere.
840 2679 905 2727 omni
912 2678 983 2727 modo
991 2687 1120 2727 aversatur.
1137 2675 1260 2741 Equidem
1266 2687 1341 2742 gnta

293 2752 375 2800 Moliri
385 2752 415 2801 de
425 2754 490 2801 omui
500 2762 595 2803 coortu.
628 2754 715 2810 Pistor,
726 2768 789 2803 reve·
841 2761 890 2802 tum
900 2753 1020 2809 efferatus,
1032 2763 1060 2801 ut
1070 2751 1173 2800 citer.
1198 2751 1341 2816 Gisrr'g,uo·

292 2827 367 2875 rentiu
379 2828 517 2892 perentibus
530 2827 620 2883 debita,
631 2837 751 2892 spectetur
763 2835 791 2874 ut
841 2842 912 2892 quern
937 2826 1044 2876 extitisse
1071 2840 1118 2873 non
1142 2824 1278 2880 aedem,
1300 2824 1343 2873 nisi

291 2916 388 2950 numen.
421 2902 527 2959 Sanno,
537 2916 612 2958 sacru,
624 2910 651 2949 ut
668 2901 791 2966 Virgilius,
840 2897 1270 2964 Trogloditae,AEthiopes,bnrtoru
1282 2912 1342 2946 mors

294 2977 352 3024 AEn.
363 2973 387 3024 ii.
403 2976 457 3023 157.
841 2974 956 3029 viventes,
967 2973 1102 3038 promiscue
1114 2970 1228 3035 conjugis
1240 2969 1304 3019 intur
1319 2986 1342 3018 ss

325 3049 384 3096 324.
404 3047 492 3096 Coeunt
509 3050 574 3096 stillo
590 3048 701 3111 delectu]
726 3048 792 3096 Olim
840 3046 980 3096 habuissent
986 3045 1050 3107 ;nisi
1060 3045 1111 3110 ipse
1124 3043 1212 3099 Attila,
1220 3042 1264 3092 ille
1274 3044 1343 3093 Hun-

291 3121 407 3171 edebatur
415 3123 481 3170 nudo
490 3123 589 3179 deliet03
601 3120 713 3169 Heinsius
724 3122 792 3170 malit
841 3136 924 3169 norum
935 3130 1059 3184 tyrsnnus,
1068 3133 1136 3167 suam
1147 3117 1223 3165 filiun
1232 3116 1281 3165 sibi
1292 3131 1340 3165 m·

292 3196 387 3252 dilectu,
398 3195 450 3244 sinc
466 3211 551 3245 ceusu:
570 3197 670 3259 dcligsro
686 3195 750 3243 enim
767 3204 792 3244 et
841 3193 950 3243 trimouio
963 3194 1083 3259 junxisset
1100 3189 1162 3239 inter
1176 3189 1342 3254 plaudentium

290 3269 386 3332 diligere
402 3270 473 3317 rerba
494 3269 600 3334 ejusdcm
619 3267 722 3317 notionis
739 3283 791 3317 esse
840 3266 981 3332 populorum
991 3265 1115 3329 goudiaet
1126 3262 1324 3313 cadmum

292 3340 362 3389 docet
375 3343 526 3391 Burmannus
542 3341 650 3408 plurimis
665 3341 790 3407 exemplis,
873 3342 931 3390 336.
949 3341 1057 3388 Fortuna
1074 3341 1117 3388 loci
1134 3340 1212 3394 ledor,
1224 3337 1340 3390 lurtum

291 3429 363 3478 quem
373 3414 437 3464 vide.
463 3417 511 3466 Sed
522 3425 578 3465 nota
588 3416 614 3464 in
624 3432 678 3480 sqq.
688 3415 790 3465 varietu-
840 3414 917 3463 babeo
927 3415 1058 3470 sdverssnr,
1070 3412 1133 3478 quod
1144 3419 1204 3460 uste
1213 3427 1268 3460 sum
1278 3411 1304 3460 in
1314 3410 1342 3459 iis

292 3496 340 3536 torn
356 3489 477 3545 orationis,
492 3506 540 3554 quu
556 3490 696 3539 concubitus
712 3491 790 3555 expri·
808 3481 811 3486 ⁴
840 3488 1011 3547 locis‚ubitsru
1022 3486 1215 3551 maligmlsges.
1233 3484 1341 3533 Fortun

291 3561 375 3609 uritur:
392 3566 458 3611 nullo
468 3564 567 3619 delecto,
579 3564 630 3611 sine
641 3563 789 3613 discrimine.
841 3565 884 3612 loci
899 3564 971 3611 etism
987 3562 1048 3611 inter
1063 3563 1129 3610 Dens
1142 3559 1235 3619 ruluts3
1251 3559 1266 3607 1
1277 3561 1341 3611 rut

323 3637 381 3685 329.
403 3636 514 3686 Humano
530 3654 596 3693 coro,
613 3652 656 3702 pro
675 3635 790 3695 hominos,
840 3639 896 3686 209.
917 3638 953 3685 Eu
963 3637 1148 3686 cusurloconrru
1157 3634 1265 3697 regebst,
1271 3633 1341 3697 sique

291 3709 333 3772 qui
343 3724 424 3758 curum
435 3720 519 3775 gerunt
529 3727 616 3767 rerum,
625 3710 674 3761 uti.
682 3712 724 3759 43.
732 3729 790 3760 coro
840 3711 891 3760 lats
906 3727 958 3766 suu,
969 3726 1069 3775 quorum
1086 3724 1171 3758 ccum
1187 3723 1237 3756 non
1253 3706 1342 3756 intelli·

293 3783 346 3832 Dei.
364 3784 491 3852 Malignos,
503 3785 605 3841 invidus,
617 3802 671 3851 quo
682 3786 791 3835 invident
839 3786 937 3849 gebest,
954 3786 1061 3834 homines
1080 3783 1246 3841 ascribebsut3
1271 3797 1342 3846 supro

291 3854 426 3906 bominibus
438 3859 555 3908 Venerem
567 3874 714 3908 concessam.
744 3860 789 3909 Re·
840 3859 929 3908 iubos
938 3877 945 3918 ;
963 3860 1082 3914 lurcium,
1092 3857 1126 3905 iv.
1138 3857 1195 3904 661.
1229 3854 1271 3904 Ad
1287 3870 1340 3903 σιω

290 3931 709 3990 mittsrc‚conoedsrc,renismdare.
727 3933 790 3983 Ges·
839 3932 911 3996 igitur
927 3933 999 3981 etism
1016 3932 1166 3980 nativitstem
1183 3945 1253 3978 suern
1269 3930 1344 3978 relsrt

292 4015 324 4055 us
335 4014 384 4054 trun
397 4005 507 4056 efferatus
519 4016 545 4057 ot
555 4009 669 4056 immunes
685 4023 790 4072 unquam
840 4006 948 4070 Myrrha.
968 4006 1074 4056 [aditur
1085 4003 1231 4060 Fortuscis,
1242 4003 1285 4068 qui
1296 4003 1341 4051 lor·

290 4080 363 4130 luisse
383 4080 499 4131 credibile
521 4098 569 4131 uon
588 4091 632 4131 cst.
665 4081 790 4146 Ingeniose
840 4089 923 4129 tunam
940 4080 1011 4129 babet
1029 4095 1163 4129 novercam.
1175 4078 1207 4126 iv.
1225 4094 1256 4127 ex
1273 4079 1343 4127 Post.

291 4154 444 4206 tomeuillum
453 4172 543 4206 rnorem
554 4156 712 4213 commendet,
719 4159 792 4218 pinos
841 4153 873 4202 ri.
884 4154 924 4202 39.
