2774 5004
286 328 331 395 58
583 323 624 389 Ρ.
641 319 809 389 ὈνΙΒΙΙ
832 319 1046 387 NASONIS

293 499 566 601 Triste-solum,
579 497 730 583 sterilis,
742 496 824 570 sine
835 494 955 591 fruge,
964 494 1046 570 sine
1060 494 1194 567 arbore
1208 494 1335 582 tellum

295 615 428 711 Frigus
447 615 546 688 iners
564 612 640 685 illic
658 611 842 696 habitant,
863 609 1079 706 Pallorque,
1094 608 1338 706 Tremorque,

297 730 348 805 Et
360 732 492 828 jejuna
510 727 669 802 Fames:
689 751 736 800 ea
752 750 794 799 se
812 726 849 798 in
867 724 1075 822 praecordia
1089 724 1232 798 condat
1270 728 1335 798 791

298 845 481 942 Sacrilegi
499 845 683 918 scelerata
696 842 811 940 jube:
841 865 911 914 nec
929 840 1039 938 copia
1056 862 1180 914 rerum

295 962 435 1035 Vincat
452 984 559 1050 eam3
581 968 812 1056 superetque
829 980 934 1029 meas
949 955 1155 1030 certamine
1171 953 1284 1027 vires.

298 1077 405 1151 Neve
417 1077 487 1150 viae
505 1075 670 1173 spatium
686 1083 725 1147 te
743 1083 892 1159 terreat,
908 1071 1039 1170 accipe
1056 1094 1188 1145 currus
1202 1097 1212 1159 ;

297 1193 453 1293 Accipe,
466 1216 562 1290 quos
579 1191 694 1265 frenis
712 1191 788 1264 alte
806 1190 1011 1276 moderere,
1025 1185 1249 1261 dracones.''
1272 1189 1341 1259 795

301 1308 352 1383 Et
368 1309 494 1383 dedit:
522 1309 588 1382 illa
600 1309 689 1381 dato
708 1308 889 1381 subvecta
906 1329 974 1405 per
991 1327 1078 1377 aera
1090 1326 1203 1376 curru

301 1423 465 1499 Devenit
482 1423 520 1495 in
540 1422 758 1521 Scythiam3
779 1421 965 1518 rigidique
978 1418 1175 1494 cacumine
1194 1416 1340 1503 montis,

301 1539 501 1615 Caucason
519 1541 725 1639 appellant,
742 1547 960 1636 serpentum
977 1536 1076 1609 colla
1092 1534 1252 1621 levavit3

301 1653 584 1751 Quoesitamque
604 1653 758 1728 Famem
774 1653 945 1751 lapidoso
962 1651 1058 1725 vidit
1075 1650 1113 1723 in
1130 1673 1223 1746 agro

303 1768 518 1867 Unguibus,
533 1779 572 1842 et
589 1791 690 1842 raras
699 1769 900 1843 vellentem
912 1766 1089 1842 dentibus
1104 1765 1257 1840 herbas,
1274 1769 1342 1837 800

303 2011 378 2058 bisunt
396 2024 444 2058 non
460 2008 618 2069 mutandum
635 2009 722 2059 etenim
736 2026 799 2078 sepe
849 2011 908 2060 cisse
922 2008 1111 2059 ardentissimam
1125 2016 1150 2056 et
1164 2007 1299 2072 improbam
1313 2005 1345 2055 ls-

304 2084 399 2140 Noster,
416 2093 444 2131 ut
462 2091 542 2132 monet
561 2083 720 2141 Burmannus,
739 2100 800 2150 prae·
849 2099 921 2133 mem.
943 2083 1006 2132 Cum
1017 2082 1062 2130 hoc
1073 2081 1126 2129 loco
1137 2083 1228 2131 confer.
1247 2079 1347 2139 Quintil.

305 2155 379 2204 mittit
388 2156 486 2205 verbum
494 2155 586 2221 plurale
596 2156 748 2221 sequentibus
758 2173 800 2207 no·
850 2157 921 2207 Deci.
940 2155 981 2207 sii.
1001 2172 1025 2222 p.
1043 2172 1076 2206 m.
1092 2157 1156 2216 210;
1177 2154 1222 2204 Sil.
1236 2155 1264 2204 ii.
1283 2155 1345 2213 ⁴615

306 2228 409 2278 minibus
419 2228 545 2294 singularis
554 2230 653 2279 numeri.
851 2229 1008 2287 Claudianus,
1018 2246 1057 2279 xv.
1067 2231 1096 2278 21
1108 2245 1163 2294 sqq.

338 2305 396 2353 793.
413 2304 477 2353 Mens
489 2306 556 2362 vires,
567 2304 738 2355 abundantiam
751 2304 800 2354 iru-
884 2306 941 2353 800.
958 2305 1035 2353 Raros
1052 2302 1164 2352 Heinsius
1180 2319 1210 2351 ex
1227 2303 1284 2351 MS.
1302 2301 1347 2351 Bn-

306 2391 373 2441 gum,
384 2392 444 2441 quas
458 2393 503 2441 ego
513 2377 608 2442 largior.
642 2376 803 2426 Cenomanil·
852 2378 1083 2438 noniensidederat5
1099 2379 1254 2426 Burmannus
1271 2385 1347 2426 tamen

304 2450 348 2499 lud
369 2450 431 2500 inira
454 2451 601 2501 describitur.
645 2452 684 2501 Da
710 2451 804 2501 Cereris
852 2452 971 2503 revocavit
981 2456 1049 2510 ruris,
1060 2463 1111 2501 tum
1122 2453 1178 2517 quia
1190 2452 1292 2517 reliquis
1300 2467 1349 2500 om·

306 2526 441 2572 drneonibus
459 2528 483 2573 et
500 2542 572 2573 curra
589 2523 644 2573 vide
663 2524 693 2573 ad
710 2542 733 2573 v.
747 2525 803 2574 6⁴2.
852 2527 930 2586 nibus,
945 2539 972 2576 ut
989 2525 1056 2584 crini,
1074 2526 1154 2582 labris,
1167 2525 1289 2583 faucibus,
1304 2535 1350 2575 etc.

306 2596 353 2645 Pro
373 2599 421 2645 ulte
438 2597 561 2647 Gebhard.
578 2597 615 2646 ll.
634 2596 706 2662 Crep.
724 2598 753 2645 17
774 2613 803 2646 ex
852 2601 965 2666 epitheta,
972 2617 1026 2666 qam
1033 2600 1207 2649 deformitatem
1214 2598 1350 2664 designant,

306 2670 804 2737 MSS.legitalites,quamvoceminduas
853 2676 936 2725 addita
962 2683 1025 2732 sunt,
1046 2682 1097 2722 tum
1125 2673 1182 2738 quia
1202 2688 1286 2722 omnes
1313 2672 1351 2737 (et

307 2745 413 2811 syllabas
428 2745 554 2795 contrahit.
588 2745 631 2794 Nil
648 2745 805 2806 mutandum3
854 2750 926 2800 nostri
953 2750 1026 2799 etiam
1046 2746 1140 2813 Regii.)
1161 2755 1247 2812 prater
1265 2763 1349 2803 unum,

306 2818 375 2868 iarsu
386 2821 442 2869 919.
453 2824 522 2869 versis
532 2821 632 2868 sublimis
643 2821 751 2878 lodesin
769 2820 803 2869 ita
852 2823 955 2873 Codices
964 2838 993 2872 ea
1005 2821 1129 2871 exhibent.
1147 2821 1198 2884 ligo
1207 2836 1265 2869 vero
1274 2821 1350 2870 llein·

308 2893 557 2952 ammanitem.
582 2893 655 2958 Regii
666 2893 738 2943 nosui
748 2897 803 2946 alte.
851 2898 913 2946 sium
933 2905 1028 2946 secutus
1048 2912 1111 2944 sum.
1153 2894 1269 2943 Nondum
1288 2894 1352 2944 euim

341 2966 397 3015 799.
417 2967 531 3016 Cascam
549 2966 640 3031 frigoris
660 2976 685 3016 et
703 2968 803 3017 horrida
852 2978 924 3036 poeta
939 2971 1035 3018 Famem
1051 2967 1171 3024 describit,
1187 2967 1230 3016 sed
1250 2968 1304 3033 ejus
1324 2983 1352 3018 a·

308 3037 444 3087 solitudinis
454 3041 533 3104 imago
544 3039 607 3104 apud
618 3048 708 3105 poetas.
852 3045 1089 3111 grumrurssherbes
1100 3043 1235 3092 habentem.
1257 3044 1354 3109 Eique

341 3111 398 3160 799.
411 3112 574 3175 Quesitansqns
581 3112 679 3170 Famem,
690 3114 750 3177 eta]
762 3113 804 3162 Se·
850 3119 904 3184 jure
910 3117 978 3168 Fami
988 3134 1051 3166 raros
1060 3120 1137 3166 dentes
1145 3115 1268 3166 dedissati
1285 3117 1353 3166 Den-
1375 3132 1378 3137 ’

308 3183 389 3249 quitur
396 3183 488 3249 insigne
497 3201 576 3235 rursus
584 3188 719 3252 exemplum
730 3187 804 3253 pban·
854 3202 890 3242 tes
901 3192 964 3242 enim
980 3192 1023 3241 illa
1039 3207 1086 3240 non
1102 3190 1201 3241 excutit.
1235 3191 1300 3239 Coss
1314 3193 1353 3240 la·

309 3258 375 3307 tasin
388 3258 512 3307 Ovidiana
529 3259 613 3309 iubae
628 3261 706 3310 Famis
723 3277 804 3326 proso·
854 3269 925 3325 mina,
945 3267 1003 3332 qnia
1022 3267 1107 3317 Fames
1132 3264 1214 3314 exedit
1239 3265 1355 3329 pulvillos

309 3330 414 3396 popoeia‚
423 3331 492 3396 cujus
500 3332 589 3382 loedam
599 3341 624 3383 et
634 3333 806 3384 odiosissimam
854 3340 940 3397 omnis,
949 3340 991 3405 qui
1002 3341 1103 3404 cingunt
1109 3338 1200 3394 oculos,
1207 3353 1296 3403 eosque
1307 3339 1355 3387 tol·

191 3448 200 3460 ,
309 3402 438 3467 imaginem
457 3404 492 3454 ita
513 3416 567 3456 ante
586 3407 666 3456 oculos
685 3408 806 3474 penitet
854 3412 915 3463 lunt.
953 3412 1055 3471 Quintil.
1079 3414 1165 3461 canusa
1181 3415 1252 3459 meeis
1273 3422 1354 3475 cupas,

311 3477 721 3547 lectoriitemlermeaeeidat,quod
729 3484 806 3547 Nym·
855 3489 941 3536 emsdits'
954 3491 1045 3551 mitur
1059 3489 1130 3544 oculi,
1147 3488 1261 3535 &usitata
1282 3502 1355 3551 gesse.

311 3552 426 3617 phaner.
438 3556 495 3603 812.
508 3556 560 3604 Visa
573 3558 806 3607 sensnumissan·
855 3559 1011 3618 Claudianus,
1038 3563 1100 3610 oculi
1118 3564 1223 3623 jacentes
1244 3560 1354 3608 interius.

310 3642 375 3676 mss.
408 3627 433 3675 Si
453 3626 506 3692 quis
523 3630 598 3695 pictor
619 3640 661 3680 ant
679 3632 807 3681 statuarius
855 3635 933 3684 Labra
950 3635 1020 3684 etiarn
1038 3636 1164 3701 absumpta
1180 3634 1269 3698 fingere
1283 3642 1353 3700 potu·

310 3697 373 3748 hanc
385 3699 513 3765 imaginem
522 3704 671 3769 exprimeret,
679 3722 747 3755 nemo
755 3707 807 3771 ejus
855 3706 920 3756 isset.
952 3707 1137 3767 Quintilnados
1152 3711 1221 3756 labris
1234 3711 1354 3757 amenti·

311 3782 433 3837 aspectum
453 3775 587 3827 sustineret.
620 3779 697 3829 Recte
713 3779 807 3829 Ernesti
856 3783 990 3833 lusdentss.
1022 3782 1200 3832 Mortevocavi
1213 3785 1288 3832 scabri
1297 3771 1353 3832 dss-

312 3845 406 3896 dehac
426 3851 590 3916 prosopopmia
610 3861 635 3901 et
655 3852 685 3902 de
704 3853 807 3918 iuramus
857 3866 897 3913 tes,
914 3857 979 3922 quod
1000 3857 1114 3908 Ciolanus
1130 3866 1155 3906 et
1172 3856 1287 3906 Heinsius
1303 3873 1353 3923 pras

312 3919 483 3971 Erisichthonis
494 3924 546 3988 jam
561 3925 700 3975 somniantis
709 3926 805 3976 cibum:
856 3930 930 3981 altero
939 3931 1265 3997 scelrsfnucssspreverant.
1294 3931 1353 3979 Ovi-

312 3998 329 4022 ‘⁴
341 3995 402 4053 Qua
420 3994 466 4043 nisi
485 3995 593 4054 admirer,
607 3997 666 4047 nihil
681 3999 807 4049 viderim.’'
855 4002 910 4052 dius
919 4019 967 4053 non
977 4004 1021 4054 nisi
1030 4013 1153 4055 externam
1164 4004 1244 4052 Famis
1254 4005 1352 4053 sormam

313 4067 431 4122 Omnibus
445 4068 496 4120 istis
505 4069 574 4121 bonis
584 4081 649 4122 earet
659 4073 755 4125 callim.
766 4073 806 4140 qni
855 4076 976 4139 describit,
984 4079 1096 4144 suacium
1113 4087 1191 4129 autem
1210 4080 1293 4145 rssbige
1306 4093 1353 4128 nnn

312 4156 386 4193 unum
403 4142 463 4194 illud
478 4145 690 4203 montesium
706 4149 729 4200 ei
746 4148 806 4214 inje·
855 4166 923 4216 aque
940 4168 969 4204 ac
986 4152 1089 4212 Quintil.
1105 4156 1185 4205 iassss
1192 4152 1305 4218 samm
1322 4157 1352 4201 „a
