2774 5004
232 308 702 377 METAMORPHOSEON
726 311 818 377 LIB.
843 312 912 378 XI.
974 346 984 359 .
1028 316 1094 381 248

153 480 261 579 legit,
278 492 319 558 et
335 483 478 581 spargit
496 506 563 582 per
577 507 717 581 opacas
735 485 890 561 humida
906 497 1037 561 terras.

139 619 182 682 ra,
201 621 289 694 quae
305 622 414 673 verso
431 598 629 672 stridorem
646 599 798 674 cardine
816 602 964 689 reddat,

139 712 295 786 adonio
312 724 411 797 tota3
440 722 569 787 custos
587 712 625 786 in
643 713 772 788 limine
790 716 929 789 nullus.

139 827 241 901 tedio
257 838 362 901 torus
379 838 440 902 est
456 829 578 903 ebeno
594 827 765 901 sublimis
783 828 821 901 in
839 842 958 917 antro,
1014 837 1090 906 610

139 966 243 1028 neus,
260 944 439 1029 unicolor,
458 944 561 1041 pullo
578 944 762 1018 velamine
779 955 915 1031 tectus,

148 1058 266 1131 cubat
283 1059 365 1156 ipse
383 1059 501 1144 Deus,
521 1062 698 1133 membris
715 1061 895 1157 languore
913 1062 1059 1135 solutis.

139 1195 161 1245 c
178 1172 280 1245 eirea
297 1174 451 1270 passim,
469 1175 588 1248 varias
607 1175 791 1249 imitantia
806 1175 957 1262 formas,

141 1286 205 1361 nia
220 1310 317 1361 vana
328 1290 459 1385 jacent
475 1289 645 1375 totidem,
662 1301 756 1387 quot
773 1288 908 1363 messis
925 1289 1071 1375 aristas,

140 1403 266 1499 tgerit
281 1403 446 1490 frondes,
465 1407 608 1501 ejectas
626 1406 715 1478 litus
732 1429 877 1480 arenas.
1014 1408 1088 1478 615

148 1517 260 1591 simul
278 1520 439 1606 intravit,
459 1523 708 1618 manibusque
724 1520 915 1594 obstantia
931 1520 1033 1616 virgo

151 1772 242 1829 Iesu,
251 1774 322 1837 qm]
343 1774 407 1824 Anto
418 1775 543 1825 Heinsiuro
593 1786 677 1833 torum,
688 1785 715 1826 ut
725 1776 804 1826 omnia
815 1784 894 1825 essent
904 1774 989 1833 uistis,
999 1774 1089 1823 auiam·

140 1864 162 1897 rr
182 1848 271 1905 Jorrrro,
294 1865 330 1896 ne.
363 1849 410 1897 Sed
431 1867 480 1912 que
501 1865 542 1914 ap
592 1866 640 1914 que
650 1850 730 1899 Somu
743 1858 898 1907 ostentarent,
908 1865 982 1915 quum
995 1848 1092 1898 ditiores

140 1922 155 1969 it
171 1922 244 1970 etiarn
261 1922 427 1982 Burmannus,
451 1923 543 1971 namsi
593 1923 695 1973 liemani
709 1923 888 1973 versicoloribus
904 1922 981 1979 lectis,
995 1921 1091 1989 spondis

140 1994 215 2059 equit,
226 2005 281 2042 sunt
294 2003 349 2043 ante
365 2005 468 2051 antrum,
480 1996 544 2045 intas
593 2014 623 2046 ex
639 1999 779 2055 terebintho,
795 2014 898 2063 auroque
914 1997 1013 2054 matis,
1027 2005 1088 2045 stra·

145 2068 219 2117 tuine
236 2069 360 2118 verisimile
378 2080 422 2125 est,
438 2070 480 2118 sed
498 2071 541 2117 nri-
590 2072 653 2135 gulis
668 2072 800 2136 purpureis,
816 2072 886 2137 pictis
898 2071 1087 2120 delectarentur:

141 2158 230 2193 emtas.
263 2146 406 2207 Quanquam
414 2144 481 2208 joser
496 2146 543 2192 sint
592 2146 733 2210 Propertius,
745 2146 795 2193 111.
806 2164 829 2194 v.
840 2147 886 2203 63,
898 2145 1020 2209 Virgilius,
1032 2146 1089 2193 AEn.

141 2226 222 2272 tuum,
241 2233 287 2265 non
306 2217 394 2265 idcirco
412 2218 543 2267 necessario
592 2219 608 2266 i.
629 2222 687 2268 697.
715 2221 800 2269 Cicero
824 2222 896 2269 Tuse.
917 2238 941 2268 r.
961 2221 1010 2267 ⁴21:
1035 2218 1089 2268 vide

155 2290 220 2338 intus
232 2291 320 2355 januar.
340 2292 376 2338 vel
394 2291 489 2340 minime
505 2308 541 2339 so·
591 2294 690 2341 Salinas.
707 2294 738 2341 ad
755 2293 830 2341 Solia.
847 2310 872 2357 p.
894 2295 950 2342 417.
985 2293 1089 2341 Matris

141 2364 176 2414 ted
185 2374 269 2413 eontra
278 2364 350 2413 nuiire
362 2365 471 2424 iuernn15
483 2380 541 2429 qua·
591 2368 669 2414 ..ture
676 2384 685 2424 ,·
702 2367 752 2414 vid.
765 2367 795 2414 nd
807 2365 848 2414 vii.
862 2366 918 2413 186.

149 2449 223 2487 eustos
237 2442 262 2485 io
277 2439 355 2486 limine
365 2441 457 2487 trullus:
474 2441 503 2487 τὸ
514 2457 542 2487 tte
624 2441 681 2487 613.
699 2440 793 2494 Possim,
812 2438 918 2503 dispersa
933 2436 984 2484 sine
999 2435 1088 2484 ordine.

141 2528 195 2561 esse
205 2511 302 2560 defendi
313 2529 342 2560 er
356 2514 441 2560 nostris
453 2512 541 2561 codici-
593 2514 653 2567 Quot
669 2515 750 2568 meir,
761 2523 808 2561 etc.
818 2510 923 2575 vulgaris
937 2507 1089 2572 comparatio.

141 2584 192 2649 rgiis
210 2585 327 2633 existimo.
360 2586 389 2633 ln
410 2586 493 2634 codiee
511 2586 541 2634 B.
591 2587 720 2636 selectiora
733 2587 806 2634 habet
815 2587 906 2633 Seneca
916 2582 972 2632 OEd.
983 2582 1089 2629 rendw

141 2662 248 2710 secunda
264 2662 325 2709 bene
341 2661 541 2717 restituitreddor,
591 2678 645 2724 sqq.
678 2659 1088 2717 Alucianomemorenturprooera

141 2747 162 2783 st
172 2735 236 2799 quod
247 2736 326 2782 sensui
341 2744 365 2782 et
380 2734 456 2798 tnagis
470 2735 541 2782 etiarn
591 2743 616 2782 et
632 2731 740 2787 humilia,
758 2731 857 2778 formosa
873 2737 898 2777 et
916 2726 1033 2782 informia,
1048 2725 1088 2788 ju·

141 2817 253 2874 epogoat.
270 2809 376 2855 Custodes
386 2808 475 2856 Statius
486 2807 543 2856 t'acit
592 2804 679 2861 cunda,
697 2818 777 2858 aurea,
798 2801 870 2857 alata,
887 2807 971 2849 ornata
989 2799 1088 2847 somnia.

142 2896 167 2936 n,
180 2881 339 2941 Oblivionem,
349 2878 483 2928 silentium.
593 2882 670 2934 (ierit,
688 2879 741 2934 fert,
759 2877 839 2925 habet
870 2874 989 2930 Tibuilus,
1007 2874 1042 2921 ll.
1054 2873 1088 2921 ir.

149 2954 453 3016 transmeantem]
472 2955 540 3003 Frus-
591 2954 632 3001 56.
655 2953 771 3015 Quidquid
798 2960 819 2997 et
846 2950 967 2998 herbatum
984 2946 1089 2995 i'itesssie

142 3028 261 3077 emerunt
271 3029 417 3093 interpretes.
434 3029 542 3076 Inmerito
593 3038 655 3075 terra
664 3028 734 3091 gerit.

142 3118 177 3150 rus
196 3104 308 3164 plrrrrteur,
325 3101 436 3166 pulvinus
455 3101 542 3166 piumis
623 3102 681 3149 616.
699 3098 985 3162 itineribusque-dissona.
1004 3092 1088 3158 utqui

142 3192 170 3232 rs,
191 3184 278 3239 (quum
300 3175 450 3239 pauperiores
468 3174 540 3223 itabe-
591 3192 632 3240 por
647 3175 721 3223 densa
734 3173 837 3235 virgulta
851 3171 973 3219 incedunt.
1005 3166 1088 3216 Ssdsi

142 3265 182 3297 arn
193 3248 223 3297 de
232 3248 306 3307 ulvis)
315 3248 437 3313 impositus
445 3248 540 3313 sponde
583 3250 695 3310 ⁸incedent
711 3246 810 3301 wmnia,
824 3259 871 3292 non
885 3240 1007 3290 commode
1022 3250 1088 3306 pote-

161 3338 190 3371 ex
212 3323 297 3376 ebeno,
318 3322 425 3385 adeoque
442 3324 542 3370 srtbtims'r
591 3330 643 3368 rant
660 3318 770 3367 manibus
784 3314 905 3364 dimoveri.
937 3314 1018 3371 Socra,
1031 3314 1089 3379 quia

161 3395 342 3460 magnificentie
363 3410 444 3451 cama,
465 3405 542 3444 tectus
590 3395 691 3442 Somnus
701 3392 777 3440 Deus.
804 3388 1089 3453 lleinsiosoonjieitAtre

142 3472 231 3532 spelta
241 3471 358 3524 oetomtne,
369 3467 473 3532 stragulo
483 3477 542 3525 atro,
590 3470 682 3516 doooe:
705 3466 777 3521 male,
800 3471 910 3514 monente
936 3463 1009 3512 etium
1026 3464 1088 3512 Bur·

142 3551 234 3592 »totus
251 3543 328 3590 lectus
348 3552 410 3590 esset
430 3544 541 3599 unicolor,
591 3558 685 3591 manno.
719 3538 790 3602 Regii
808 3537 879 3587 nostri
897 3538 977 3585 Sacro.
1011 3538 1089 3594 Oceli,

143 3630 160 3665 a
174 3615 330 3680 compositum
349 3624 385 3663 est
403 3623 431 3662 ut
450 3616 541 3671 bicohrr,
590 3615 676 3679 quibus
685 3613 778 3679 obrepit
787 3626 891 3666 wmnos,
903 3619 931 3658 ut
942 3608 1018 3674 aperti
1029 3608 1086 3657 reti-

143 3706 171 3746 rr,
186 3691 301 3744 stricato,
315 3697 361 3736 etc.
393 3687 480 3736 Confer
493 3688 542 3737 viii.
591 3689 640 3737 neri
650 3696 777 3753 nequeant,
783 3702 863 3751 grooes
870 3683 991 3739 dicuntur,
998 3691 1023 3731 et
1031 3681 1097 3731 victi

142 3764 183 3813 te.
217 3764 308 3810 Proin
334 3773 402 3809 antro
429 3762 541 3810 Heinsius
591 3762 904 3826 tandemgrorr‘totejacertt.
937 3756 962 3805 Si
972 3756 1040 3805 Deus
1047 3756 1086 3818 ja·

143 3848 237 3895 totrn5
255 3845 279 3884 et
293 3853 336 3902 pro
355 3838 459 3884 onieotor
474 3836 541 3884 malit
591 3836 662 3885 cebet
680 3835 705 3884 in
722 3843 780 3890 toro,
796 3850 843 3883 non
858 3839 951 3898 poteret
969 3838 1087 3889 peretum

143 3911 358 3977 r(quodvocabul.
368 3927 397 3958 ex
409 3909 487 3959 Plinio
498 3909 540 3959 de·
592 3911 686 3957 nutanti
701 3919 794 3970 pectora
811 3916 896 3959 mento,
915 3903 939 3950 id
954 3900 1019 3965 quod
1040 3915 1087 3947 non

149 3995 191 4033 aut
199 3986 326 4048 equieotor,
334 3984 397 4048 aequi
404 3999 458 4032 cunr
465 3984 541 4032 ebeno
592 3983 636 4031 nisi
647 3982 676 4030 iis
684 3981 770 4037 evenit,
782 3980 823 4045 qui
833 3977 942 4026 sedentes
951 3973 1085 4021 dormiunt:

143 4058 190 4115 tris,
196 4060 272 4107 ebeno
280 4058 396 4114 ooneoior,
404 4057 454 4106 sine
460 4073 541 4106 eausa.
592 4056 637 4105 nisi
654 4056 738 4119 finges,
750 4069 805 4103 eum
820 4066 874 4100 curu
886 4046 962 4097 oculis
976 4052 1001 4092 et
1016 4056 1085 4125 supe·

143 4149 192 4181 ress
201 4141 226 4182 et
238 4131 335 4197 quidem
348 4139 425 4181 atrum
439 4131 543 4180 habebat
593 4128 677 4178 riorem
692 4127 797 4191 eorporis
812 4132 905 4189 partem
923 4117 1005 4168 tollere
1020 4114 1087 4165 iden·

1126 4594 1294 4730 Ι·
