2774 5004
305 319 372 386 336
601 314 640 380 Ρ.
664 313 826 380 0v1o11
850 313 1063 380 NASONIS

308 491 397 565 Non
415 512 499 563 mea
517 513 616 562 mors
636 488 702 574 illi,
721 513 849 562 verum
867 487 1030 562 suavita
1046 486 1238 584 gemenda
1255 497 1320 561 est.
1347 494 1350 499 ’

306 606 387 679 Vos
406 605 529 690 modo,
549 628 596 678 ne
616 603 772 701 Stygios
790 605 923 678 adeam
942 629 1016 677 non
1034 604 1155 677 libera
1174 627 1313 688 manes,

309 722 401 797 Este
420 721 563 819 procul,
584 721 615 792 si
630 724 735 818 justa
752 731 861 818 peto;
891 731 1073 817 tactuque
1090 718 1220 792 viriles
1286 721 1346 792 466

308 838 485 934 Virgineo
503 847 690 910 removete
709 858 865 924 manus3
897 834 1086 932 acceptior
1104 833 1174 918 illi,

309 952 493 1048 Quisquis
510 952 542 1025 is
561 961 631 1036 est,
652 975 766 1047 quem
783 952 888 1023 caede
906 973 993 1023 mea
1009 951 1164 1046 placare
1184 949 1330 1046 paratis,

310 1068 423 1141 Liber
440 1067 510 1141 erit
527 1066 702 1162 sanguis:
731 1066 762 1137 si
782 1089 878 1163 quos
897 1077 1023 1139 tamen
1040 1065 1178 1136 ultima
1195 1063 1312 1137 nostri

306 1183 434 1258 Verba
451 1192 602 1256 movent
618 1181 713 1270 oris;
743 1179 884 1254 Priami
902 1204 967 1253 vos
986 1179 1063 1252 filia
1079 1179 1197 1273 regis,
1288 1182 1349 1250 470

309 1297 397 1371 Νοιι
415 1297 576 1395 captiva,
596 1306 724 1394 rogat:
753 1295 936 1392 genetrici
954 1318 1092 1392 corpus
1110 1294 1322 1391 inemptum

309 1410 498 1501 Reddite3
527 1436 620 1485 neve
640 1435 728 1484 auro
747 1410 905 1484 redimat
918 1411 982 1506 jus
1001 1409 1108 1482 triste
1127 1408 1310 1506 sepulcri,

311 1527 388 1601 Sed
414 1527 598 1602 lacrimis:
628 1537 731 1613 tunc,
754 1549 871 1623 quum
899 1533 1059 1622 poterat,
1084 1523 1300 1598 redimebat
1320 1534 1350 1596 et

461 1643 587 1717 auro.’'
1288 1642 1349 1712 473

311 1756 492 1832 Dixerat:
522 1769 562 1831 at
578 1759 741 1856 populus
759 1757 945 1843 lacrimas,
965 1779 1059 1853 quas
1078 1755 1144 1829 illa
1163 1756 1327 1839 tenebat,

310 1870 399 1944 Non
417 1883 542 1946 tenet:
571 1872 652 1970 ipse
671 1873 783 1946 etiam
801 1872 896 1946 flens
915 1871 1130 1967 invitusque
1149 1869 1324 1944 sacerdos

310 1983 478 2083 Prabita
495 1989 666 2082 conjecto
684 1986 784 2084 rupit
801 1985 1006 2084 praecordia
1023 1986 1133 2059 ferro.

311 2100 395 2185 llla,
415 2125 528 2197 super
545 2110 682 2172 terram
700 2100 847 2173 defecto
866 2099 1009 2198 poplite
1028 2101 1176 2186 labens

310 2215 472 2289 Pertulit
489 2215 695 2313 intrepidos
714 2218 761 2289 ad
780 2217 856 2291 fata
873 2215 1076 2289 novissima
1092 2216 1237 2288 vultus.

311 2331 417 2405 Tunc
436 2355 590 2430 quoque
608 2355 697 2405 cura
714 2331 783 2406 fuit
801 2341 925 2429 partes
943 2330 1067 2404 velare
1085 2331 1286 2427 tegendas

319 2591 321 2595 ’
342 2598 399 2647 465.
416 2597 456 2645 Vos
466 2599 538 2653 modo,
550 2596 608 2659 eta]
624 2596 742 2647 Astabam
752 2596 809 2646 lecti
858 2595 929 2644 nibus
940 2604 1047 2644 numerat
1057 2595 1111 2650 boc,
1122 2593 1188 2658 quod
1199 2601 1311 2658 parentet
1319 2608 1354 2641 oe·

307 2672 408 2737 juvenes
425 2672 572 2726 Graecorum,
589 2671 630 2735 qui
648 2671 809 2736 apprehende·
858 2669 959 2717 cicorum
970 2668 1096 2717 liberorum
1111 2669 1190 2717 coacti
1202 2668 1292 2716 luerint
1302 2669 1357 2714 redi·

310 2755 362 2794 rent
373 2744 502 2809 virginem
519 2743 600 2808 Eurip.
611 2760 659 2793 ver.
670 2747 725 2792 545.
759 2744 809 2791 Hor
858 2761 918 2792 mere
926 2746 999 2805 pretio
1007 2745 1126 2805 sepeliendi
1135 2752 1280 2804 potestaten.
1298 2741 1356 2789 Tur

311 2808 355 2868 erse
364 2820 445 2881 procul
456 2819 516 2873 vult.
527 2827 554 2865 ut
565 2820 646 2872 libera,
659 2818 749 2872 volens,
763 2833 809 2866 non
859 2833 963 2864 -ιιιινιι,Ι
983 2816 1093 2864 Hectoris
1111 2831 1198 2879 corpus
1215 2830 1276 2863 auro
1297 2813 1357 2863 rede·

311 2902 403 2949 coacta,
422 2893 485 2957 quod
503 2892 587 2941 servile
605 2893 672 2948 soret,
690 2891 810 2940 moriatur.
859 2899 935 2938 ruerat
958 2890 1081 2947 Priamus;
1102 2888 1201 2937 Homer.
1217 2887 1252 2936 ll.
1268 2893 1299 2938 Ω.
1314 2888 1357 2936 299

311 2967 363 3015 lloc
374 2983 467 3031 quoque
478 2966 578 3031 sumpsit
588 2967 617 3013 ab
627 2965 810 3030 Euripideum.
860 2979 913 3027 sqq.
947 2963 1018 3021 Quod
1034 2962 1075 3010 ille
1090 2961 1226 3018 lecerat,id
1240 2962 1359 3010 nuuelle·

313 3042 360 3089 548
371 3058 376 3086 :
388 3038 493 3088 Ἐκοῦσα
503 3038 610 3098 θνῄσκω,
622 3039 657 3103 μὴ
668 3057 705 3096 τις
715 3038 811 3103 ἅψηται
860 3037 927 3085 cubae
940 3036 1059 3084 tribuitur.

312 3107 386 3178 χροὸς
397 3115 500 3177 Τονμοῦ·
516 3110 613 3176 παρέξω
626 3114 673 3178 γὰρ
687 3109 761 3176 δέρην
772 3113 810 3161 εὑ·
899 3111 956 3157 474.
987 3111 1097 3171 Populos,
1121 3108 1244 3158 exercitus
1266 3109 1359 3159 Gratus

312 3186 425 3254 καρδίως.
442 3185 590 3252 Ἐλευθέραν
602 3190 662 3250 (nou
678 3185 810 3250 apprehen·
861 3184 978 3232 tumulum
989 3185 1096 3247 cingens.
1132 3183 1242 3239 Tenebat,
1254 3183 1359 3249 reprime·

311 3250 376 3323 iam)
391 3258 415 3309 δέ
431 3260 464 3324 μ’,
478 3260 511 3319 ὠς
524 3258 638 3324 ἐλευθέρα
655 3257 730 3315 θάνω,
743 3261 811 3322 Πρὸς
860 3257 910 3306 bat.
942 3258 1034 3321 blegne
1045 3257 1069 3305 in
1079 3256 1116 3304 bis
1129 3264 1153 3305 et
1167 3255 1192 3304 in
1208 3256 1359 3322 sequentibus

312 3334 373 3383 θεῶν
383 3332 503 3399 μεθέντες,
514 3332 629 3383 κτεῖναί.
649 3332 693 3383 Ἐν
706 3335 811 3397 νεκροῖσι
860 3331 957 3395 virginis
967 3331 1150 3380 commendatio.
1184 3331 1207 3377 F
1206 3333 1257 3379 tem
1269 3334 1358 3379 inritat·

312 3408 360 3472 γὰρ
382 3408 464 3467 Δοὺλη
482 3409 622 3467 κεκλῆσθαι,
636 3408 738 3469 βασιλὶς
752 3405 812 3465 οὖν’,
861 3424 911 3468 pue.
944 3407 980 3455 ot
995 3405 1076 3455 θέλων
1090 3423 1116 3455 τε
1132 3406 1175 3453 καὶ
1189 3404 1359 3467 θέλων,οἶπῳ

313 3480 473 3544 αἰσχύνομαι.
507 3482 562 3528 Alio
577 3498 648 3530 sensu
661 3481 723 3546 apud
739 3483 812 3529 Seue·
861 3480 944 3543 κόρης,
956 3480 1037 3544 Eurip.
1049 3495 1097 3527 ver.
1106 3478 1163 3526 560.
1192 3477 1358 3542 Deformade·

312 3569 375 3608 carn,
387 3554 473 3602 Troad.
483 3556 536 3601 144.
540 3554 604 3618 setis
615 3554 722 3601 Priamus
735 3555 812 3602 Dicite
861 3553 951 3608 ficiens,
969 3561 995 3599 ut
1011 3552 1044 3600 ix.
1057 3554 1111 3601 154.
1144 3551 1360 3615 Srtccidampoplet

312 3635 414 3674 cuncte:
437 3629 492 3674 liber
511 3643 586 3673 muner
609 3627 676 3674 Vadit
698 3630 728 3674 od
749 3631 811 3676 ιἰιιοι.
861 3624 951 3672 labanti
963 3625 1072 3673 tribuitur
1083 3640 1106 3671 x.
1118 3625 1176 3674 458.

312 3698 391 3747 Etiam
410 3700 497 3747 Gestar
517 3698 580 3762 apud
602 3699 694 3756 Silium,
713 3701 738 3749 ii.
754 3703 811 3751 367.
895 3700 952 3747 479.
972 3699 1037 3747 Tunc
1054 3716 1138 3761 quoque
1153 3716 1222 3755 caro,
1241 3700 1303 3763 ete]
1326 3699 1358 3747 Da

313 3775 370 3821 liber
381 3774 510 3820 Acheronta
521 3774 598 3820 videre
608 3774 682 3838 cupit.
860 3772 938 3821 studio
949 3773 1140 3822 moribundorum
1150 3772 1240 3822 decore
1255 3773 1360 3827 cadenti,

345 3848 402 3895 471.
422 3847 561 3908 inemptum,
573 3845 735 3911 ιιιάπρίατον
746 3849 810 3913 apud
860 3855 914 3912 post
931 3846 1037 3896 Curtium
1054 3855 1078 3895 at
1093 3847 1229 3897 Gesnerum
1247 3848 1280 3897 ad
1296 3846 1360 3895 Plinii

312 3923 451 3977 Homerum.
463 3920 493 3968 ll.
504 3927 536 3969 A.
545 3923 585 3969 99.
596 3921 635 3969 ubi
647 3921 811 3987 explicationis
860 3922 906 3984 Ep.
917 3921 964 3969 IV.
976 3920 1009 3968 xi.
1021 3922 1047 3968 9.
1058 3920 1172 3968 nonnulla
1184 3921 1285 3985 collegit
1296 3920 1358 3969 Klot·

312 4011 384 4047 causa
397 3995 520 4060 subjicitur
530 3997 647 4045 ᾶποινον.
682 3995 811 4046 Neretum
861 3994 910 4044 zius
927 3995 957 4044 ad
973 3995 1102 4059 Tyrtaeum,
1119 4011 1144 4058 p.
1155 3994 1204 4042 63:
1223 3995 1300 4060 idque
1315 4003 1359 4043 atu·

313 4073 419 4126 redirem,
436 4078 485 4117 etc.
513 4068 607 4125 Cicero,
618 4069 642 4117 V
643 4085 688 4117 err.
700 4087 722 4117 v.
733 4071 772 4118 45.
787 4069 811 4119 in
861 4068 926 4117 diurn
937 4068 1051 4133 imprimis
1060 4068 1160 4116 decebat
1169 4067 1291 4132 virginem
1301 4070 1361 4133 inge-

313 4157 411 4191 mmmm
424 4141 572 4192 crudelitatis
583 4143 688 4192 Verrine
702 4145 810 4210 specimi·
861 4159 941 4191 uuam.
973 4141 1019 4191 Sed
1035 4142 1361 4209 becquoquetranelatau
