<?xml version="1.0" encoding="UTF-8"?>
<!DOCTYPE html PUBLIC "-//W3C//DTD XHTML 1.0 Transitional//EN"
    "http://www.w3.org/TR/xhtml1/DTD/xhtml1-transitional.dtd">
<html xmlns="http://www.w3.org/1999/xhtml" xml:lang="en" lang="en">
 <head>
  <title>
</title>
<meta http-equiv="Content-Type" content="text/html;charset=utf-8" />
  <meta name='ocr-system' content='tesseract 3.04.00' />
  <meta name='ocr-capabilities' content='ocr_page ocr_carea ocr_par ocr_line ocrx_word'/>
</head>
<body>
  <div class='ocr_page' id='page_1' title='image "./povidiinasoniso05burmgoog/povidiinasoniso05burmgoog_0100.png"; bbox 0 0 2774 5004; ppageno 0'>
   <div class='ocr_carea' id='block_1_1' title="bbox 245 338 1110 417">
    <p class='ocr_par' dir='ltr' id='par_1_1' title="bbox 245 338 1110 417">
     <span class='ocr_line' id='line_1_1' title="bbox 245 338 1110 417; baseline 0.001 -1"><span class='ocrx_word' id='word_1_1' title='bbox 245 338 716 417; x_wconf 69' lang='lat' dir='ltr'><strong>Mursuoupnosssort</strong></span> <span class='ocrx_word' id='word_1_2' title='bbox 739 347 832 415; x_wconf 79' lang='lat' dir='ltr'><strong>mn.</strong></span> <span class='ocrx_word' id='word_1_3' title='bbox 856 348 926 415; x_wconf 88' lang='lat' dir='ltr'><strong>lx.</strong></span> <span class='ocrx_word' id='word_1_4' title='bbox 1064 346 1110 417; x_wconf 77' lang='lat' dir='ltr'><strong>tit</strong></span> 
     </span>
    </p>
   </div>
   <div class='ocr_carea' id='block_1_2' title="bbox 53 489 1158 1899">
    <p class='ocr_par' dir='ltr' id='par_1_2' title="bbox 53 489 1158 740">
     <span class='ocr_line' id='line_1_2' title="bbox 53 489 1158 624; baseline -0.001 -25"><span class='ocrx_word' id='word_1_5' title='bbox 53 523 132 599; x_wconf 86' lang='lat' dir='ltr'><strong>Illa</strong></span> <span class='ocrx_word' id='word_1_6' title='bbox 144 525 302 624; x_wconf 89' lang='lat' dir='ltr'><strong>quidem</strong></span> <span class='ocrx_word' id='word_1_7' title='bbox 316 523 431 611; x_wconf 84' lang='lat' dir='ltr'><strong>venit,</strong></span> <span class='ocrx_word' id='word_1_8' title='bbox 445 525 513 598; x_wconf 87' lang='lat' dir='ltr'><strong>sed</strong></span> <span class='ocrx_word' id='word_1_9' title='bbox 524 535 790 623; x_wconf 84' lang='lat' dir='ltr'><strong>praecorrupta,</strong></span> <span class='ocrx_word' id='word_1_10' title='bbox 801 546 1007 623; x_wconf 86' lang='lat' dir='ltr'><strong>meumque</strong></span> <span class='ocrx_word' id='word_1_11' title='bbox 1031 526 1107 601; x_wconf 77' lang='lat'><strong>295</strong></span> <span class='ocrx_word' id='word_1_12' title='bbox 1145 489 1158 519; x_wconf 53' lang='lat'>⁸</span> 
     </span>
     <span class='ocr_line' id='line_1_3' title="bbox 56 639 909 740; baseline -0.002 -25"><span class='ocrx_word' id='word_1_13' title='bbox 56 642 156 727; x_wconf 86' lang='lat' dir='ltr'><strong>Quae</strong></span> <span class='ocrx_word' id='word_1_14' title='bbox 174 643 316 717; x_wconf 83' lang='lat' dir='ltr'><strong>donare</strong></span> <span class='ocrx_word' id='word_1_15' title='bbox 333 651 449 740; x_wconf 84' lang='lat' dir='ltr'><strong>caput</strong></span> <span class='ocrx_word' id='word_1_16' title='bbox 465 641 607 715; x_wconf 74' lang='lat' dir='ltr'><strong>lunoni</strong></span> <span class='ocrx_word' id='word_1_17' title='bbox 624 640 739 715; x_wconf 86' lang='lat' dir='ltr'><strong>vellet</strong></span> <span class='ocrx_word' id='word_1_18' title='bbox 756 639 909 738; x_wconf 83' lang='lat' dir='ltr'><strong>iniquae.</strong></span> 
     </span>
    </p>

    <p class='ocr_par' dir='ltr' id='par_1_3' title="bbox 58 755 960 854">
     <span class='ocr_line' id='line_1_4' title="bbox 58 755 960 854; baseline -0.001 -24"><span class='ocrx_word' id='word_1_19' title='bbox 58 757 194 854; x_wconf 89' lang='lat' dir='ltr'><strong>thue</strong></span> <span class='ocrx_word' id='word_1_20' title='bbox 211 782 317 831; x_wconf 87' lang='lat' dir='ltr'><strong>meos</strong></span> <span class='ocrx_word' id='word_1_21' title='bbox 334 757 441 832; x_wconf 86' lang='lat' dir='ltr'><strong>ondit</strong></span> <span class='ocrx_word' id='word_1_22' title='bbox 457 757 632 853; x_wconf 81' lang='lat' dir='ltr'>gemitus,</span> <span class='ocrx_word' id='word_1_23' title='bbox 652 755 826 829; x_wconf 88' lang='lat' dir='ltr'>subsedit</span> <span class='ocrx_word' id='word_1_24' title='bbox 842 755 880 828; x_wconf 92' lang='lat' dir='ltr'><strong>in</strong></span> <span class='ocrx_word' id='word_1_25' title='bbox 892 756 960 829; x_wconf 86' lang='lat' dir='ltr'><strong>illa</strong></span> 
     </span>
    </p>

    <p class='ocr_par' dir='ltr' id='par_1_4' title="bbox 56 870 1108 1432">
     <span class='ocr_line' id='line_1_5' title="bbox 56 870 959 971; baseline 0.001 -28"><span class='ocrx_word' id='word_1_26' title='bbox 56 872 161 946; x_wconf 87' lang='lat' dir='ltr'><strong>Ante</strong></span> <span class='ocrx_word' id='word_1_27' title='bbox 179 872 278 948; x_wconf 84' lang='lat' dir='ltr'><strong>fores</strong></span> <span class='ocrx_word' id='word_1_28' title='bbox 296 897 371 960; x_wconf 87' lang='lat' dir='ltr'><strong>ara,</strong></span> <span class='ocrx_word' id='word_1_29' title='bbox 391 872 605 971; x_wconf 87' lang='lat' dir='ltr'><strong>dextroque</strong></span> <span class='ocrx_word' id='word_1_30' title='bbox 625 895 647 944; x_wconf 85' lang='lat' dir='ltr'>a</span> <span class='ocrx_word' id='word_1_31' title='bbox 664 871 807 969; x_wconf 88' lang='lat' dir='ltr'><strong>poplite</strong></span> <span class='ocrx_word' id='word_1_32' title='bbox 824 870 959 944; x_wconf 85' lang='lat' dir='ltr'><strong>laevurn</strong></span> 
     </span>
     <span class='ocr_line' id='line_1_6' title="bbox 58 987 974 1087; baseline 0.001 -27"><span class='ocrx_word' id='word_1_33' title='bbox 58 988 203 1062; x_wconf 84' lang='lat' dir='ltr'>Pressa</span> <span class='ocrx_word' id='word_1_34' title='bbox 215 1013 329 1085; x_wconf 84' lang='lat' dir='ltr'><strong>genu,</strong></span> <span class='ocrx_word' id='word_1_35' title='bbox 347 989 477 1085; x_wconf 81' lang='lat' dir='ltr'><strong>digitis</strong></span> <span class='ocrx_word' id='word_1_36' title='bbox 495 989 593 1064; x_wconf 91' lang='lat' dir='ltr'><strong>inter</strong></span> <span class='ocrx_word' id='word_1_37' title='bbox 610 1012 652 1062; x_wconf 90' lang='lat' dir='ltr'><strong>se</strong></span> <span class='ocrx_word' id='word_1_38' title='bbox 665 987 816 1087; x_wconf 81' lang='lat' dir='ltr'><strong>pectine</strong></span> <span class='ocrx_word' id='word_1_39' title='bbox 830 988 974 1084; x_wconf 90' lang='lat' dir='ltr'><strong>junctis</strong></span> 
     </span>
     <span class='ocr_line' id='line_1_7' title="bbox 60 1103 1108 1203; baseline 0.001 -26"><span class='ocrx_word' id='word_1_40' title='bbox 60 1104 254 1179; x_wconf 84' lang='lat' dir='ltr'><strong>Sustinuit</strong></span> <span class='ocrx_word' id='word_1_41' title='bbox 269 1105 403 1180; x_wconf 86' lang='lat' dir='ltr'><strong>nixus:</strong></span> <span class='ocrx_word' id='word_1_42' title='bbox 423 1105 540 1179; x_wconf 83' lang='lat' dir='ltr'><strong>tacita</strong></span> <span class='ocrx_word' id='word_1_43' title='bbox 558 1130 711 1203; x_wconf 89' lang='lat' dir='ltr'><strong>quoque</strong></span> <span class='ocrx_word' id='word_1_44' title='bbox 729 1103 896 1179; x_wconf 79' lang='lat' dir='ltr'><strong>carmina</strong></span> <span class='ocrx_word' id='word_1_45' title='bbox 911 1127 1002 1178; x_wconf 86' lang='lat' dir='ltr'><strong>voce</strong></span> <span class='ocrx_word' id='word_1_46' title='bbox 1033 1109 1108 1178; x_wconf 89' lang='grc'><strong>300</strong></span> 
     </span>
     <span class='ocr_line' id='line_1_8' title="bbox 60 1219 1025 1320; baseline 0.002 -28"><span class='ocrx_word' id='word_1_47' title='bbox 60 1219 194 1310; x_wconf 82' lang='lat' dir='ltr'><strong>Dixit3</strong></span> <span class='ocrx_word' id='word_1_48' title='bbox 223 1232 263 1295; x_wconf 94' lang='lat' dir='ltr'><strong>et</strong></span> <span class='ocrx_word' id='word_1_49' title='bbox 279 1221 449 1320; x_wconf 90' lang='lat' dir='ltr'><strong>inceptos</strong></span> <span class='ocrx_word' id='word_1_50' title='bbox 467 1234 671 1296; x_wconf 90' lang='lat' dir='ltr'><strong>tenuerunt</strong></span> <span class='ocrx_word' id='word_1_51' title='bbox 686 1221 854 1295; x_wconf 83' lang='lat' dir='ltr'><strong>carmina</strong></span> <span class='ocrx_word' id='word_1_52' title='bbox 871 1229 1025 1317; x_wconf 87' lang='lat' dir='ltr'><strong>partus:</strong></span> 
     </span>
     <span class='ocr_line' id='line_1_9' title="bbox 61 1335 879 1432; baseline -0.002 -24"><span class='ocrx_word' id='word_1_53' title='bbox 61 1335 186 1424; x_wconf 85' lang='lat' dir='ltr'><strong>Nitor,</strong></span> <span class='ocrx_word' id='word_1_54' title='bbox 206 1347 245 1410; x_wconf 94' lang='lat' dir='ltr'><strong>et</strong></span> <span class='ocrx_word' id='word_1_55' title='bbox 258 1337 405 1432; x_wconf 85' lang='lat' dir='ltr'><strong>ingrato</strong></span> <span class='ocrx_word' id='word_1_56' title='bbox 424 1336 520 1412; x_wconf 86' lang='lat' dir='ltr'><strong>facio</strong></span> <span class='ocrx_word' id='word_1_57' title='bbox 537 1337 707 1411; x_wconf 87' lang='lat' dir='ltr'><strong>convicia</strong></span> <span class='ocrx_word' id='word_1_58' title='bbox 723 1337 879 1410; x_wconf 89' lang='lat' dir='ltr'><strong>demens</strong></span> 
     </span>
    </p>

    <p class='ocr_par' dir='ltr' id='par_1_5' title="bbox 60 1449 1107 1899">
     <span class='ocr_line' id='line_1_10' title="bbox 60 1449 1003 1551; baseline 0.001 -29"><span class='ocrx_word' id='word_1_59' title='bbox 60 1451 171 1527; x_wconf 88' lang='lat' dir='ltr'><strong>Vana</strong></span> <span class='ocrx_word' id='word_1_60' title='bbox 187 1451 286 1540; x_wconf 84' lang='lat' dir='ltr'><strong>Jovi,</strong></span> <span class='ocrx_word' id='word_1_61' title='bbox 304 1453 494 1551; x_wconf 91' lang='lat' dir='ltr'><strong>cupioque</strong></span> <span class='ocrx_word' id='word_1_62' title='bbox 512 1454 627 1540; x_wconf 91' lang='lat' dir='ltr'><strong>mori;</strong></span> <span class='ocrx_word' id='word_1_63' title='bbox 648 1463 872 1548; x_wconf 85' lang='lat' dir='ltr'><strong>moturaque</strong></span> <span class='ocrx_word' id='word_1_64' title='bbox 889 1449 1003 1523; x_wconf 85' lang='lat' dir='ltr'><strong>duras</strong></span> 
     </span>
     <span class='ocr_line' id='line_1_11' title="bbox 60 1565 1081 1665; baseline -0.002 -27"><span class='ocrx_word' id='word_1_65' title='bbox 60 1567 190 1642; x_wconf 87' lang='lat' dir='ltr'><strong>Verba</strong></span> <span class='ocrx_word' id='word_1_66' title='bbox 206 1592 345 1665; x_wconf 87' lang='lat' dir='ltr'><strong>queror</strong></span> <span class='ocrx_word' id='word_1_67' title='bbox 361 1569 484 1643; x_wconf 87' lang='lat' dir='ltr'><strong>silices</strong></span> <span class='ocrx_word' id='word_1_68' title='bbox 500 1597 509 1644; x_wconf 74' lang='grc' dir='ltr'>ε</span> <span class='ocrx_word' id='word_1_69' title='bbox 530 1581 669 1644; x_wconf 87' lang='lat' dir='ltr'><strong>matres</strong></span> <span class='ocrx_word' id='word_1_70' title='bbox 684 1567 913 1643; x_wconf 87' lang='lat' dir='ltr'><strong>Cadmeides</strong></span> <span class='ocrx_word' id='word_1_71' title='bbox 931 1565 1081 1650; x_wconf 85' lang='lat' dir='ltr'><strong>adsunt,</strong></span> 
     </span>
     <span class='ocr_line' id='line_1_12' title="bbox 60 1683 1107 1782; baseline -0.001 -28"><span class='ocrx_word' id='word_1_72' title='bbox 60 1683 239 1781; x_wconf 85' lang='lat' dir='ltr'><strong>Votaque</strong></span> <span class='ocrx_word' id='word_1_73' title='bbox 249 1685 474 1782; x_wconf 91' lang='lat' dir='ltr'><strong>suscipiunt,</strong></span> <span class='ocrx_word' id='word_1_74' title='bbox 486 1686 809 1782; x_wconf 85' lang='lat' dir='ltr'><strong>exhortanturque</strong></span> <span class='ocrx_word' id='word_1_75' title='bbox 819 1683 1107 1756; x_wconf 85' lang='lat' dir='ltr'><strong>dolentem.305</strong></span> 
     </span>
     <span class='ocr_line' id='line_1_13' title="bbox 63 1796 1070 1899; baseline -0.001 -29"><span class='ocrx_word' id='word_1_76' title='bbox 63 1797 151 1872; x_wconf 85' lang='lat' dir='ltr'><strong>Una</strong></span> <span class='ocrx_word' id='word_1_77' title='bbox 167 1800 434 1887; x_wconf 82' lang='lat' dir='ltr'><strong>ministrarum,</strong></span> <span class='ocrx_word' id='word_1_78' title='bbox 453 1801 579 1875; x_wconf 91' lang='lat' dir='ltr'><strong>media</strong></span> <span class='ocrx_word' id='word_1_79' title='bbox 594 1801 643 1875; x_wconf 94' lang='lat' dir='ltr'><strong>de</strong></span> <span class='ocrx_word' id='word_1_80' title='bbox 660 1800 784 1899; x_wconf 90' lang='lat' dir='ltr'><strong>plebe,</strong></span> <span class='ocrx_word' id='word_1_81' title='bbox 801 1796 1015 1884; x_wconf 84' lang='lat' dir='ltr'><strong>Galanthis,</strong></span> <span class='ocrx_word' id='word_1_82' title='bbox 1067 1804 1070 1809; x_wconf 83' lang='grc'>’</span> 
     </span>
    </p>
   </div>
   <div class='ocr_carea' id='block_1_3' title="bbox 59 2035 1117 4242">
    <p class='ocr_par' dir='ltr' id='par_1_6' title="bbox 59 2035 1111 2331">
     <span class='ocr_line' id='line_1_14' title="bbox 60 2035 1109 2108; baseline 0 -21"><span class='ocrx_word' id='word_1_83' title='bbox 60 2038 158 2105; x_wconf 79' lang='lat' dir='ltr'><strong>plnnli.</strong></span> <span class='ocrx_word' id='word_1_84' title='bbox 190 2041 330 2092; x_wconf 64' lang='lat' dir='ltr'><strong>moun·</strong></span> <span class='ocrx_word' id='word_1_85' title='bbox 355 2041 381 2092; x_wconf 89' lang='lat' dir='ltr'><strong>in</strong></span> <span class='ocrx_word' id='word_1_86' title='bbox 401 2041 502 2108; x_wconf 75' lang='lat' dir='ltr'><strong>Argum.</strong></span> <span class='ocrx_word' id='word_1_87' title='bbox 528 2041 563 2092; x_wconf 88' lang='lat' dir='ltr'><strong>nil</strong></span> <span class='ocrx_word' id='word_1_88' title='bbox 611 2041 749 2092; x_wconf 84' lang='lat' dir='ltr'><strong>interesse.’&#39;</strong></span> <span class='ocrx_word' id='word_1_89' title='bbox 782 2042 812 2090; x_wconf 88' lang='lat' dir='ltr'><strong>ln</strong></span> <span class='ocrx_word' id='word_1_90' title='bbox 832 2048 911 2090; x_wconf 86' lang='lat' dir='ltr'><strong>nostro</strong></span> <span class='ocrx_word' id='word_1_91' title='bbox 931 2038 983 2089; x_wconf 83' lang='lat' dir='ltr'><strong>loco</strong></span> <span class='ocrx_word' id='word_1_92' title='bbox 1002 2035 1109 2104; x_wconf 76' lang='lat' dir='ltr'><strong>syntaxis</strong></span> 
     </span>
     <span class='ocr_line' id='line_1_15' title="bbox 60 2112 1111 2182; baseline 0 -20"><span class='ocrx_word' id='word_1_93' title='bbox 60 2123 150 2178; x_wconf 69' lang='lat' dir='ltr'><strong>preter</strong></span> <span class='ocrx_word' id='word_1_94' title='bbox 159 2114 283 2180; x_wconf 78' lang='lat' dir='ltr'><strong>llitbyism</strong></span> <span class='ocrx_word' id='word_1_95' title='bbox 293 2125 416 2166; x_wconf 86' lang='lat' dir='ltr'><strong>memorat.</strong></span> <span class='ocrx_word' id='word_1_96' title='bbox 443 2117 563 2166; x_wconf 71' lang='lat' dir='ltr'><strong>Caeterum</strong></span> <span class='ocrx_word' id='word_1_97' title='bbox 612 2118 733 2182; x_wconf 79' lang='lat' dir='ltr'><strong>negotium</strong></span> <span class='ocrx_word' id='word_1_98' title='bbox 748 2117 806 2166; x_wconf 80' lang='lat' dir='ltr'><strong>fecit</strong></span> <span class='ocrx_word' id='word_1_99' title='bbox 817 2113 994 2166; x_wconf 71' lang='lat' dir='ltr'><strong>Grammaticis.</strong></span> <span class='ocrx_word' id='word_1_100' title='bbox 1026 2112 1111 2162; x_wconf 78' lang='lat' dir='ltr'><strong>Victor</strong></span> 
     </span>
     <span class='ocr_line' id='line_1_16' title="bbox 59 2187 1108 2258; baseline 0 -23"><span class='ocrx_word' id='word_1_101' title='bbox 59 2187 126 2251; x_wconf 83' lang='lat' dir='ltr'><strong>epod</strong></span> <span class='ocrx_word' id='word_1_102' title='bbox 140 2187 263 2246; x_wconf 85' lang='lat' dir='ltr'><strong>Plautum,</strong></span> <span class='ocrx_word' id='word_1_103' title='bbox 272 2189 297 2237; x_wconf 92' lang='lat' dir='ltr'><strong>in</strong></span> <span class='ocrx_word' id='word_1_104' title='bbox 306 2190 428 2257; x_wconf 79' lang='lat' dir='ltr'><strong>Amphitr.</strong></span> <span class='ocrx_word' id='word_1_105' title='bbox 446 2188 563 2239; x_wconf 85' lang='lat' dir='ltr'><strong>Alcmene</strong></span> <span class='ocrx_word' id='word_1_106' title='bbox 612 2192 734 2244; x_wconf 85' lang='lat' dir='ltr'><strong>Giselinus</strong></span> <span class='ocrx_word' id='word_1_107' title='bbox 743 2191 851 2258; x_wconf 79' lang='lat' dir='ltr'><strong>putabet,</strong></span> <span class='ocrx_word' id='word_1_108' title='bbox 862 2206 937 2253; x_wconf 71' lang='lat' dir='ltr'><strong>praec</strong></span> <span class='ocrx_word' id='word_1_109' title='bbox 949 2198 982 2238; x_wconf 80' lang='lat' dir='ltr'><strong>set</strong></span> <span class='ocrx_word' id='word_1_110' title='bbox 992 2187 1108 2253; x_wconf 79' lang='lat' dir='ltr'><strong>synecdo·</strong></span> 
     </span>
     <span class='ocr_line' id='line_1_17' title="bbox 60 2260 1111 2331; baseline 0 -21"><span class='ocrx_word' id='word_1_111' title='bbox 60 2260 113 2311; x_wconf 84' lang='lat' dir='ltr'><strong>sine</strong></span> <span class='ocrx_word' id='word_1_112' title='bbox 125 2263 247 2312; x_wconf 88' lang='lat' dir='ltr'><strong>doloribus</strong></span> <span class='ocrx_word' id='word_1_113' title='bbox 256 2263 327 2330; x_wconf 79' lang='lat' dir='ltr'><strong>perit.</strong></span> <span class='ocrx_word' id='word_1_114' title='bbox 612 2266 680 2315; x_wconf 88' lang='lat' dir='ltr'><strong>cbice</strong></span> <span class='ocrx_word' id='word_1_115' title='bbox 698 2267 801 2331; x_wconf 90' lang='lat' dir='ltr'><strong>positum</strong></span> <span class='ocrx_word' id='word_1_116' title='bbox 818 2280 869 2330; x_wconf 87' lang='lat' dir='ltr'><strong>pro,</strong></span> <span class='ocrx_word' id='word_1_117' title='bbox 885 2265 975 2325; x_wconf 74' lang='lat' dir='ltr'><strong>prosit.</strong></span> <span class='ocrx_word' id='word_1_118' title='bbox 1007 2261 1054 2310; x_wconf 85' lang='lat' dir='ltr'><strong>Sed</strong></span> <span class='ocrx_word' id='word_1_119' title='bbox 1072 2269 1111 2311; x_wconf 87' lang='lat' dir='ltr'><strong>est</strong></span> 
     </span>
    </p>

    <p class='ocr_par' dir='ltr' id='par_1_7' title="bbox 59 2336 1113 3145">
     <span class='ocr_line' id='line_1_18' title="bbox 94 2336 1110 2406; baseline -0.003 -20"><span class='ocrx_word' id='word_1_120' title='bbox 94 2339 155 2387; x_wconf 79' lang='lat'><strong>295.</strong></span> <span class='ocrx_word' id='word_1_121' title='bbox 173 2337 221 2386; x_wconf 74' lang='lat' dir='ltr'><strong>Itu</strong></span> <span class='ocrx_word' id='word_1_122' title='bbox 229 2341 318 2402; x_wconf 80' lang='lat' dir='ltr'><strong>quidem</strong></span> <span class='ocrx_word' id='word_1_123' title='bbox 326 2338 409 2401; x_wconf 80' lang='lat' dir='ltr'><strong>uenit]</strong></span> <span class='ocrx_word' id='word_1_124' title='bbox 426 2337 512 2388; x_wconf 89' lang='lat' dir='ltr'><strong>Vocati</strong></span> <span class='ocrx_word' id='word_1_125' title='bbox 521 2338 562 2386; x_wconf 92' lang='lat' dir='ltr'><strong>Dii</strong></span> <span class='ocrx_word' id='word_1_126' title='bbox 612 2339 700 2406; x_wconf 85' lang='lat' dir='ltr'><strong>potius,</strong></span> <span class='ocrx_word' id='word_1_127' title='bbox 713 2355 793 2405; x_wconf 82' lang='lat' dir='ltr'><strong>pressa</strong></span> <span class='ocrx_word' id='word_1_128' title='bbox 804 2349 839 2386; x_wconf 86' lang='lat' dir='ltr'><strong>est</strong></span> <span class='ocrx_word' id='word_1_129' title='bbox 854 2336 933 2402; x_wconf 88' lang='lat' dir='ltr'><strong>quoad</strong></span> <span class='ocrx_word' id='word_1_130' title='bbox 944 2336 1032 2384; x_wconf 77' lang='lat' dir='ltr'><strong>lerum</strong></span> <span class='ocrx_word' id='word_1_131' title='bbox 1046 2350 1110 2400; x_wconf 72' lang='lat' dir='ltr'><strong>genu</strong></span> 
     </span>
     <span class='ocr_line' id='line_1_19' title="bbox 59 2409 1109 2479; baseline -0.001 -21"><span class='ocrx_word' id='word_1_132' title='bbox 59 2411 202 2469; x_wconf 80' lang='lat' dir='ltr'><strong>veniebant,</strong></span> <span class='ocrx_word' id='word_1_133' title='bbox 207 2411 302 2462; x_wconf 86' lang='lat' dir='ltr'><strong>etiamsi</strong></span> <span class='ocrx_word' id='word_1_134' title='bbox 313 2411 429 2461; x_wconf 83' lang='lat' dir='ltr'><strong>auxilium</strong></span> <span class='ocrx_word' id='word_1_135' title='bbox 439 2412 499 2461; x_wconf 79' lang='lat' dir='ltr'><strong>terre</strong></span> <span class='ocrx_word' id='word_1_136' title='bbox 511 2411 562 2460; x_wconf 92' lang='lat' dir='ltr'><strong>nol·</strong></span> <span class='ocrx_word' id='word_1_137' title='bbox 613 2429 628 2462; x_wconf 86' lang='grc' dir='ltr'>ι</span> <span class='ocrx_word' id='word_1_138' title='bbox 641 2413 725 2462; x_wconf 83' lang='lat' dir='ltr'><strong>dextro</strong></span> <span class='ocrx_word' id='word_1_139' title='bbox 738 2412 844 2479; x_wconf 86' lang='lat' dir='ltr'><strong>poplite;</strong></span> <span class='ocrx_word' id='word_1_140' title='bbox 860 2410 934 2476; x_wconf 86' lang='lat' dir='ltr'><strong>pedes</strong></span> <span class='ocrx_word' id='word_1_141' title='bbox 946 2410 981 2458; x_wconf 84' lang='lat' dir='ltr'><strong>ite</strong></span> <span class='ocrx_word' id='word_1_142' title='bbox 994 2409 1109 2475; x_wconf 84' lang='lat' dir='ltr'><strong>conjunx·</strong></span> 
     </span>
     <span class='ocr_line' id='line_1_20' title="bbox 60 2482 1111 2552; baseline 0 -20"><span class='ocrx_word' id='word_1_143' title='bbox 60 2482 130 2544; x_wconf 87' lang='lat' dir='ltr'><strong>lent;</strong></span> <span class='ocrx_word' id='word_1_144' title='bbox 148 2502 172 2533; x_wconf 83' lang='lat' dir='ltr'><strong>x.</strong></span> <span class='ocrx_word' id='word_1_145' title='bbox 186 2487 212 2535; x_wconf 78' lang='lat' dir='ltr'><strong>t.</strong></span> <span class='ocrx_word' id='word_1_146' title='bbox 247 2486 409 2548; x_wconf 78' lang='lat' dir='ltr'><strong>Preccrrupto</strong></span> <span class='ocrx_word' id='word_1_147' title='bbox 424 2501 485 2534; x_wconf 88' lang='lat' dir='ltr'><strong>nova</strong></span> <span class='ocrx_word' id='word_1_148' title='bbox 498 2501 561 2534; x_wconf 92' lang='lat' dir='ltr'><strong>com·</strong></span> <span class='ocrx_word' id='word_1_149' title='bbox 612 2497 672 2544; x_wconf 87' lang='lat' dir='ltr'><strong>erat,</strong></span> <span class='ocrx_word' id='word_1_150' title='bbox 682 2496 709 2536; x_wconf 91' lang='lat' dir='ltr'><strong>ut</strong></span> <span class='ocrx_word' id='word_1_151' title='bbox 719 2488 803 2536; x_wconf 87' lang='lat' dir='ltr'><strong>dexter</strong></span> <span class='ocrx_word' id='word_1_152' title='bbox 810 2486 891 2552; x_wconf 84' lang='lat' dir='ltr'><strong>poples</strong></span> <span class='ocrx_word' id='word_1_153' title='bbox 898 2490 1014 2550; x_wconf 83' lang='lat' dir='ltr'><strong>promeret</strong></span> <span class='ocrx_word' id='word_1_154' title='bbox 1023 2483 1111 2532; x_wconf 74' lang='lat' dir='ltr'><strong>levum</strong></span> 
     </span>
     <span class='ocr_line' id='line_1_21' title="bbox 61 2558 1110 2628; baseline -0.002 -21"><span class='ocrx_word' id='word_1_155' title='bbox 61 2558 190 2625; x_wconf 80' lang='lat' dir='ltr'><strong>positione,</strong></span> <span class='ocrx_word' id='word_1_156' title='bbox 209 2576 281 2625; x_wconf 84' lang='lat' dir='ltr'><strong>quem</strong></span> <span class='ocrx_word' id='word_1_157' title='bbox 305 2559 369 2610; x_wconf 90' lang='lat' dir='ltr'><strong>Juoo</strong></span> <span class='ocrx_word' id='word_1_158' title='bbox 389 2559 512 2609; x_wconf 84' lang='lat' dir='ltr'><strong>blanditiis</strong></span> <span class='ocrx_word' id='word_1_159' title='bbox 538 2568 563 2609; x_wconf 85' lang='lat' dir='ltr'><strong>et</strong></span> <span class='ocrx_word' id='word_1_160' title='bbox 612 2580 684 2628; x_wconf 82' lang='lat' dir='ltr'><strong>genu.</strong></span> <span class='ocrx_word' id='word_1_161' title='bbox 720 2563 782 2611; x_wconf 89' lang='lat' dir='ltr'><strong>Plio.</strong></span> <span class='ocrx_word' id='word_1_162' title='bbox 797 2561 822 2610; x_wconf 89' lang='lat' dir='ltr'><strong>d.</strong></span> <span class='ocrx_word' id='word_1_163' title='bbox 832 2560 849 2609; x_wconf 92' lang='lat' dir='ltr'><strong>l.</strong></span> <span class='ocrx_word' id='word_1_164' title='bbox 859 2563 953 2624; x_wconf 76' lang='lat' dir='ltr'><strong>poplites</strong></span> <span class='ocrx_word' id='word_1_165' title='bbox 965 2560 1061 2607; x_wconf 72' lang='lat' dir='ltr'><strong>oltmis</strong></span> <span class='ocrx_word' id='word_1_166' title='bbox 1070 2575 1110 2622; x_wconf 83' lang='lat' dir='ltr'><strong>ge·</strong></span> 
     </span>
     <span class='ocr_line' id='line_1_22' title="bbox 61 2633 1110 2700; baseline -0.004 -18"><span class='ocrx_word' id='word_1_167' title='bbox 61 2633 176 2698; x_wconf 84' lang='lat' dir='ltr'><strong>precibus</strong></span> <span class='ocrx_word' id='word_1_168' title='bbox 183 2635 233 2700; x_wconf 74' lang='lat' dir='ltr'><strong>Jam</strong></span> <span class='ocrx_word' id='word_1_169' title='bbox 243 2649 311 2684; x_wconf 85' lang='lat' dir='ltr'><strong>suam</strong></span> <span class='ocrx_word' id='word_1_170' title='bbox 322 2634 419 2690; x_wconf 79' lang='lat' dir='ltr'><strong>iecerat,</strong></span> <span class='ocrx_word' id='word_1_171' title='bbox 428 2642 453 2682; x_wconf 89' lang='lat' dir='ltr'><strong>et</strong></span> <span class='ocrx_word' id='word_1_172' title='bbox 463 2635 494 2682; x_wconf 82' lang='lat' dir='ltr'><strong>eb</strong></span> <span class='ocrx_word' id='word_1_173' title='bbox 504 2635 563 2683; x_wconf 88' lang='lat' dir='ltr'><strong>Alc·</strong></span> <span class='ocrx_word' id='word_1_174' title='bbox 613 2640 679 2686; x_wconf 77' lang='lat' dir='ltr'><strong>ntbrrs</strong></span> <span class='ocrx_word' id='word_1_175' title='bbox 694 2642 815 2698; x_wconf 82' lang='lat' dir='ltr'><strong>imponere.</strong></span> <span class='ocrx_word' id='word_1_176' title='bbox 848 2635 953 2689; x_wconf 77' lang='lat' dir='ltr'><strong>Pectine,</strong></span> <span class='ocrx_word' id='word_1_177' title='bbox 971 2633 995 2680; x_wconf 93' lang='lat' dir='ltr'><strong>in</strong></span> <span class='ocrx_word' id='word_1_178' title='bbox 1012 2633 1110 2679; x_wconf 80' lang='lat' dir='ltr'><strong>formem</strong></span> 
     </span>
     <span class='ocr_line' id='line_1_23' title="bbox 62 2704 1110 2776; baseline -0.002 -23"><span class='ocrx_word' id='word_1_179' title='bbox 62 2716 269 2757; x_wconf 82' lang='lat' dir='ltr'><strong>mensarerteret.</strong></span> <span class='ocrx_word' id='word_1_180' title='bbox 287 2708 563 2770; x_wconf 77' lang='lat' dir='ltr'><strong>DonorsJurronicoput,</strong></span> <span class='ocrx_word' id='word_1_181' title='bbox 613 2711 722 2776; x_wconf 82' lang='lat' dir='ltr'><strong>pectinis,</strong></span> <span class='ocrx_word' id='word_1_182' title='bbox 735 2708 883 2774; x_wconf 77' lang='lat' dir='ltr'><strong>pectinatim.</strong></span> <span class='ocrx_word' id='word_1_183' title='bbox 916 2704 1053 2754; x_wconf 86' lang='lat' dir='ltr'><strong>Breriuset</strong></span> <span class='ocrx_word' id='word_1_184' title='bbox 1066 2705 1110 2752; x_wconf 90' lang='lat' dir='ltr'><strong>ob·</strong></span> 
     </span>
     <span class='ocr_line' id='line_1_24' title="bbox 62 2777 1111 2846; baseline -0.004 -17"><span class='ocrx_word' id='word_1_185' title='bbox 62 2780 89 2829; x_wconf 92' lang='lat' dir='ltr'><strong>in</strong></span> <span class='ocrx_word' id='word_1_186' title='bbox 99 2781 116 2830; x_wconf 91' lang='lat' dir='ltr'>J</span> <span class='ocrx_word' id='word_1_187' title='bbox 117 2781 204 2832; x_wconf 85' lang='lat' dir='ltr'><strong>unoois</strong></span> <span class='ocrx_word' id='word_1_188' title='bbox 216 2781 316 2846; x_wconf 65' lang='lat' dir='ltr'><strong>gradem</strong></span> <span class='ocrx_word' id='word_1_189' title='bbox 331 2781 451 2846; x_wconf 73' lang='lat' dir='ltr'><strong>negligere</strong></span> <span class='ocrx_word' id='word_1_190' title='bbox 462 2781 563 2831; x_wconf 70' lang='lat' dir='ltr'><strong>salumin</strong></span> <span class='ocrx_word' id='word_1_191' title='bbox 613 2783 705 2833; x_wconf 75' lang='lat' dir='ltr'><strong>neurius</strong></span> <span class='ocrx_word' id='word_1_192' title='bbox 714 2781 849 2831; x_wconf 78' lang='lat' dir='ltr'><strong>Antoninus</strong></span> <span class='ocrx_word' id='word_1_193' title='bbox 864 2777 988 2834; x_wconf 80' lang='lat' dir='ltr'><strong>liberalis,</strong></span> <span class='ocrx_word' id='word_1_194' title='bbox 1004 2792 1058 2841; x_wconf 86' lang='lat' dir='ltr'><strong>cap.</strong></span> <span class='ocrx_word' id='word_1_195' title='bbox 1068 2779 1111 2826; x_wconf 80' lang='lat'><strong>29.</strong></span> 
     </span>
     <span class='ocr_line' id='line_1_25' title="bbox 61 2850 1112 2918; baseline -0.003 -15"><span class='ocrx_word' id='word_1_196' title='bbox 61 2856 173 2903; x_wconf 86' lang='lat' dir='ltr'><strong>etvitam</strong></span> <span class='ocrx_word' id='word_1_197' title='bbox 184 2855 317 2905; x_wconf 66' lang='lat' dir='ltr'><strong>Alcmene.</strong></span> <span class='ocrx_word' id='word_1_198' title='bbox 339 2855 564 2918; x_wconf 77' lang='lat' dir='ltr'><strong>Iniquae,irascenti.</strong></span> <span class='ocrx_word' id='word_1_199' title='bbox 614 2855 758 2912; x_wconf 73' lang='grc' dir='ltr'>ἐκαθέζοντο</span> <span class='ocrx_word' id='word_1_200' title='bbox 786 2856 921 2918; x_wconf 72' lang='grc' dir='ltr'>κρατοῦσαι</span> <span class='ocrx_word' id='word_1_201' title='bbox 946 2852 991 2910; x_wconf 74' lang='grc' dir='ltr'><strong>τὰς</strong></span> <span class='ocrx_word' id='word_1_202' title='bbox 1015 2850 1112 2901; x_wconf 73' lang='grc' dir='ltr'>ἑαυτῦν</span> 
     </span>
     <span class='ocr_line' id='line_1_26' title="bbox 61 2925 1111 2996; baseline -0.003 -19"><span class='ocrx_word' id='word_1_203' title='bbox 61 2929 138 2996; x_wconf 84' lang='lat' dir='ltr'><strong>Apud</strong></span> <span class='ocrx_word' id='word_1_204' title='bbox 157 2929 257 2979; x_wconf 84' lang='lat' dir='ltr'><strong>Homer.</strong></span> <span class='ocrx_word' id='word_1_205' title='bbox 284 2938 309 2979; x_wconf 89' lang='lat' dir='ltr'><strong>et</strong></span> <span class='ocrx_word' id='word_1_206' title='bbox 327 2929 440 2994; x_wconf 85' lang='lat' dir='ltr'><strong>Apollod.</strong></span> <span class='ocrx_word' id='word_1_207' title='bbox 461 2938 565 2980; x_wconf 82' lang='lat' dir='ltr'><strong>moretur</strong></span> <span class='ocrx_word' id='word_1_208' title='bbox 614 2933 708 2996; x_wconf 76' lang='grc' dir='ltr'>χεῖρας.</span> <span class='ocrx_word' id='word_1_209' title='bbox 735 2931 824 2985; x_wconf 79' lang='lat' dir='ltr'><strong>Tacito,</strong></span> <span class='ocrx_word' id='word_1_210' title='bbox 839 2927 896 2976; x_wconf 92' lang='lat' dir='ltr'><strong>leni.</strong></span> <span class='ocrx_word' id='word_1_211' title='bbox 923 2925 989 2975; x_wconf 89' lang='lat' dir='ltr'><strong>Alibi</strong></span> <span class='ocrx_word' id='word_1_212' title='bbox 1000 2925 1111 2984; x_wconf 83' lang='lat' dir='ltr'><strong>vidimus,</strong></span> 
     </span>
     <span class='ocr_line' id='line_1_27' title="bbox 63 2999 1112 3070; baseline -0.005 -17"><span class='ocrx_word' id='word_1_213' title='bbox 63 3013 160 3069; x_wconf 75' lang='lat' dir='ltr'><strong>portum</strong></span> <span class='ocrx_word' id='word_1_214' title='bbox 174 3004 299 3054; x_wconf 73' lang='lat' dir='ltr'><strong>Alcmene</strong></span> <span class='ocrx_word' id='word_1_215' title='bbox 314 3020 342 3054; x_wconf 90' lang='lat' dir='ltr'><strong>eo</strong></span> <span class='ocrx_word' id='word_1_216' title='bbox 354 3003 460 3060; x_wconf 84' lang='lat' dir='ltr'><strong>consilio,</strong></span> <span class='ocrx_word' id='word_1_217' title='bbox 474 3012 501 3053; x_wconf 91' lang='lat' dir='ltr'><strong>ut</strong></span> <span class='ocrx_word' id='word_1_218' title='bbox 514 3005 564 3052; x_wconf 84' lang='lat' dir='ltr'><strong>Eu·</strong></span> <span class='ocrx_word' id='word_1_219' title='bbox 615 3014 729 3070; x_wconf 83' lang='lat' dir='ltr'><strong>quantam</strong></span> <span class='ocrx_word' id='word_1_220' title='bbox 752 3003 800 3051; x_wconf 86' lang='lat' dir='ltr'><strong>vim</strong></span> <span class='ocrx_word' id='word_1_221' title='bbox 823 3003 963 3051; x_wconf 74' lang='lat' dir='ltr'><strong>carminibus</strong></span> <span class='ocrx_word' id='word_1_222' title='bbox 987 2999 1112 3050; x_wconf 83' lang='lat' dir='ltr'><strong>tribuerint</strong></span> 
     </span>
     <span class='ocr_line' id='line_1_28' title="bbox 63 3074 1113 3145; baseline -0.004 -19"><span class='ocrx_word' id='word_1_223' title='bbox 63 3078 176 3143; x_wconf 80' lang='lat' dir='ltr'><strong>rystbeus</strong></span> <span class='ocrx_word' id='word_1_224' title='bbox 186 3078 250 3144; x_wconf 86' lang='lat' dir='ltr'><strong>prius</strong></span> <span class='ocrx_word' id='word_1_225' title='bbox 261 3078 300 3128; x_wconf 84' lang='lat' dir='ltr'><strong>edi</strong></span> <span class='ocrx_word' id='word_1_226' title='bbox 310 3079 394 3144; x_wconf 78' lang='lat' dir='ltr'><strong>possit.</strong></span> <span class='ocrx_word' id='word_1_227' title='bbox 615 3096 699 3145; x_wconf 80' lang='lat' dir='ltr'><strong>magn.</strong></span> <span class='ocrx_word' id='word_1_228' title='bbox 716 3078 860 3134; x_wconf 81' lang='lat' dir='ltr'><strong>Terruerunt,</strong></span> <span class='ocrx_word' id='word_1_229' title='bbox 871 3077 998 3140; x_wconf 74' lang='grc' dir='ltr'>κατεῖχον,</span> <span class='ocrx_word' id='word_1_230' title='bbox 1008 3074 1113 3124; x_wconf 86' lang='lat' dir='ltr'><strong>retinue-</strong></span> 
     </span>
    </p>

    <p class='ocr_par' dir='ltr' id='par_1_8' title="bbox 63 3149 1117 4242">
     <span class='ocr_line' id='line_1_29' title="bbox 98 3149 1113 3211; baseline -0.004 -10"><span class='ocrx_word' id='word_1_231' title='bbox 98 3153 156 3202; x_wconf 80' lang='lat'><strong>297.</strong></span> <span class='ocrx_word' id='word_1_232' title='bbox 188 3153 282 3202; x_wconf 75' lang='lat' dir='ltr'><strong>inille</strong></span> <span class='ocrx_word' id='word_1_233' title='bbox 303 3151 438 3211; x_wconf 55' lang='lat' dir='ltr'><strong>deseruerim</strong></span> <span class='ocrx_word' id='word_1_234' title='bbox 466 3156 492 3202; x_wconf 80' lang='lat' dir='ltr'><strong>in</strong></span> <span class='ocrx_word' id='word_1_235' title='bbox 512 3154 564 3209; x_wconf 72' lang='lat' dir='ltr'><strong>itta,</strong></span> <span class='ocrx_word' id='word_1_236' title='bbox 614 3165 679 3204; x_wconf 86' lang='lat' dir='ltr'><strong>runt.</strong></span> <span class='ocrx_word' id='word_1_237' title='bbox 707 3150 1032 3207; x_wconf 57' lang='lat' dir='ltr'><strong>animosissimus.</strong></span> <span class='ocrx_word' id='word_1_238' title='bbox 1059 3149 1113 3198; x_wconf 83' lang='lat' dir='ltr'><strong>Niti</strong></span> 
     </span>
     <span class='ocr_line' id='line_1_30' title="bbox 63 3224 1007 3292; baseline -0.003 -17"><span class='ocrx_word' id='word_1_239' title='bbox 63 3241 139 3291; x_wconf 75' lang='lat' dir='ltr'><strong>quem</strong></span> <span class='ocrx_word' id='word_1_240' title='bbox 149 3237 206 3276; x_wconf 82' lang='lat' dir='ltr'><strong>ante</strong></span> <span class='ocrx_word' id='word_1_241' title='bbox 217 3226 277 3276; x_wconf 80' lang='lat' dir='ltr'><strong>iores</strong></span> <span class='ocrx_word' id='word_1_242' title='bbox 287 3225 371 3275; x_wconf 87' lang='lat' dir='ltr'><strong>cernis.</strong></span> <span class='ocrx_word' id='word_1_243' title='bbox 388 3227 469 3276; x_wconf 77' lang='lat' dir='ltr'><strong>Verbo</strong></span> <span class='ocrx_word' id='word_1_244' title='bbox 479 3226 530 3275; x_wconf 76' lang='lat' dir='ltr'><strong>herc</strong></span> <span class='ocrx_word' id='word_1_245' title='bbox 541 3234 567 3276; x_wconf 90' lang='lat' dir='ltr'><strong>et</strong></span> <span class='ocrx_word' id='word_1_246' title='bbox 615 3229 645 3278; x_wconf 87' lang='lat' dir='ltr'><strong>de</strong></span> <span class='ocrx_word' id='word_1_247' title='bbox 656 3235 743 3277; x_wconf 84' lang='lat' dir='ltr'><strong>coneto</strong></span> <span class='ocrx_word' id='word_1_248' title='bbox 753 3224 869 3292; x_wconf 87' lang='lat' dir='ltr'><strong>pariendi,</strong></span> <span class='ocrx_word' id='word_1_249' title='bbox 880 3233 907 3273; x_wconf 92' lang='lat' dir='ltr'><strong>ut</strong></span> <span class='ocrx_word' id='word_1_250' title='bbox 916 3241 938 3272; x_wconf 83' lang='lat' dir='ltr'><strong>rr.</strong></span> <span class='ocrx_word' id='word_1_251' title='bbox 950 3224 1007 3273; x_wconf 78' lang='lat'><strong>507.</strong></span> 
     </span>
     <span class='ocr_line' id='line_1_31' title="bbox 64 3296 1113 3366; baseline -0.007 -15"><span class='ocrx_word' id='word_1_252' title='bbox 64 3300 191 3364; x_wconf 79' lang='lat' dir='ltr'><strong>sequentis</strong></span> <span class='ocrx_word' id='word_1_253' title='bbox 203 3300 330 3366; x_wconf 86' lang='lat' dir='ltr'><strong>plurimum</strong></span> <span class='ocrx_word' id='word_1_254' title='bbox 344 3299 405 3349; x_wconf 83' lang='lat' dir='ltr'><strong>lucis</strong></span> <span class='ocrx_word' id='word_1_255' title='bbox 417 3299 566 3364; x_wconf 74' lang='lat' dir='ltr'><strong>accipiunto</strong></span> <span class='ocrx_word' id='word_1_256' title='bbox 647 3303 705 3351; x_wconf 80' lang='lat'>³04.</span> <span class='ocrx_word' id='word_1_257' title='bbox 725 3301 823 3356; x_wconf 72' lang='lat' dir='ltr'><strong>Querar,</strong></span> <span class='ocrx_word' id='word_1_258' title='bbox 836 3314 936 3364; x_wconf 83' lang='lat' dir='ltr'><strong>querens</strong></span> <span class='ocrx_word' id='word_1_259' title='bbox 944 3297 1045 3363; x_wconf 78' lang='lat' dir='ltr'><strong>protero.</strong></span> <span class='ocrx_word' id='word_1_260' title='bbox 1061 3296 1113 3344; x_wconf 81' lang='lat' dir='ltr'><strong>Me·</strong></span> 
     </span>
     <span class='ocr_line' id='line_1_32' title="bbox 64 3371 1114 3438; baseline -0.003 -16"><span class='ocrx_word' id='word_1_261' title='bbox 64 3373 154 3431; x_wconf 82' lang='lat' dir='ltr'><strong>Plinio,</strong></span> <span class='ocrx_word' id='word_1_262' title='bbox 170 3374 253 3424; x_wconf 78' lang='lat' dir='ltr'><strong>xxviii.</strong></span> <span class='ocrx_word' id='word_1_263' title='bbox 266 3375 297 3433; x_wconf 72' lang='lat'><strong>6,</strong></span> <span class='ocrx_word' id='word_1_264' title='bbox 314 3389 386 3438; x_wconf 89' lang='lat' dir='ltr'><strong>quem</strong></span> <span class='ocrx_word' id='word_1_265' title='bbox 402 3374 481 3422; x_wconf 89' lang='lat' dir='ltr'><strong>locum</strong></span> <span class='ocrx_word' id='word_1_266' title='bbox 500 3389 565 3422; x_wconf 89' lang='lat' dir='ltr'><strong>com·</strong></span> <span class='ocrx_word' id='word_1_267' title='bbox 615 3380 654 3425; x_wconf 77' lang='lat' dir='ltr'><strong>dio</strong></span> <span class='ocrx_word' id='word_1_268' title='bbox 664 3377 733 3438; x_wconf 79' lang='lat' dir='ltr'><strong>plebs,</strong></span> <span class='ocrx_word' id='word_1_269' title='bbox 745 3373 832 3429; x_wconf 85' lang='lat' dir='ltr'><strong>tannis.</strong></span> <span class='ocrx_word' id='word_1_270' title='bbox 843 3372 949 3427; x_wconf 86' lang='lat' dir='ltr'><strong>humilis,</strong></span> <span class='ocrx_word' id='word_1_271' title='bbox 960 3371 1056 3430; x_wconf 79' lang='lat' dir='ltr'><strong>infime3</strong></span> <span class='ocrx_word' id='word_1_272' title='bbox 1073 3371 1114 3419; x_wconf 82' lang='lat' dir='ltr'><strong>rii.</strong></span> 
     </span>
     <span class='ocr_line' id='line_1_33' title="bbox 65 3444 1113 3514; baseline -0.006 -16"><span class='ocrx_word' id='word_1_273' title='bbox 65 3448 135 3498; x_wconf 74' lang='lat' dir='ltr'><strong>mode</strong></span> <span class='ocrx_word' id='word_1_274' title='bbox 148 3449 257 3514; x_wconf 81' lang='lat' dir='ltr'><strong>ascripsit</strong></span> <span class='ocrx_word' id='word_1_275' title='bbox 269 3447 390 3497; x_wconf 84' lang='lat' dir='ltr'><strong>Heinsius.</strong></span> <span class='ocrx_word' id='word_1_276' title='bbox 423 3455 438 3475; x_wconf 77' lang='lat'><strong>‘⁸</strong></span> <span class='ocrx_word' id='word_1_277' title='bbox 451 3447 565 3496; x_wconf 83' lang='lat' dir='ltr'><strong>Assidere</strong></span> <span class='ocrx_word' id='word_1_278' title='bbox 615 3452 673 3506; x_wconf 75' lang='lat'><strong>432,</strong></span> <span class='ocrx_word' id='word_1_279' title='bbox 695 3452 794 3497; x_wconf 83' lang='lat' dir='ltr'><strong>medium</strong></span> <span class='ocrx_word' id='word_1_280' title='bbox 814 3449 897 3513; x_wconf 76' lang='lat' dir='ltr'><strong>uulgus</strong></span> <span class='ocrx_word' id='word_1_281' title='bbox 923 3463 978 3512; x_wconf 90' lang='lat' dir='ltr'><strong>opp.</strong></span> <span class='ocrx_word' id='word_1_282' title='bbox 998 3444 1113 3510; x_wconf 80' lang='lat' dir='ltr'><strong>petribus.</strong></span> 
     </span>
     <span class='ocr_line' id='line_1_34' title="bbox 65 3521 1114 3586; baseline -0.004 -15"><span class='ocrx_word' id='word_1_283' title='bbox 65 3521 179 3583; x_wconf 74' lang='lat' dir='ltr'><strong>gnridis,</strong></span> <span class='ocrx_word' id='word_1_284' title='bbox 196 3521 235 3571; x_wconf 84' lang='lat' dir='ltr'><strong>vel</strong></span> <span class='ocrx_word' id='word_1_285' title='bbox 252 3538 327 3586; x_wconf 88' lang='lat' dir='ltr'><strong>quum</strong></span> <span class='ocrx_word' id='word_1_286' title='bbox 345 3522 474 3571; x_wconf 85' lang='lat' dir='ltr'><strong>remedium</strong></span> <span class='ocrx_word' id='word_1_287' title='bbox 493 3521 566 3570; x_wconf 80' lang='lat' dir='ltr'><strong>elicui</strong></span> <span class='ocrx_word' id='word_1_288' title='bbox 615 3524 705 3574; x_wconf 82' lang='lat' dir='ltr'><strong>Contra</strong></span> <span class='ocrx_word' id='word_1_289' title='bbox 723 3522 785 3572; x_wconf 84' lang='lat' dir='ltr'><strong>inira</strong></span> <span class='ocrx_word' id='word_1_290' title='bbox 807 3538 856 3571; x_wconf 85' lang='lat' dir='ltr'><strong>ver.</strong></span> <span class='ocrx_word' id='word_1_291' title='bbox 877 3523 934 3571; x_wconf 80' lang='lat'><strong>670.</strong></span> <span class='ocrx_word' id='word_1_292' title='bbox 958 3524 1059 3585; x_wconf 78' lang='lat' dir='ltr'><strong>ingenue</strong></span> <span class='ocrx_word' id='word_1_293' title='bbox 1085 3521 1114 3567; x_wconf 87' lang='lat' dir='ltr'><strong>de</strong></span> 
     </span>
     <span class='ocr_line' id='line_1_35' title="bbox 66 3593 1114 3661; baseline -0.002 -17"><span class='ocrx_word' id='word_1_294' title='bbox 66 3595 217 3653; x_wconf 78' lang='lat' dir='ltr'><strong>adhibeatur,</strong></span> <span class='ocrx_word' id='word_1_295' title='bbox 225 3595 307 3660; x_wconf 83' lang='lat' dir='ltr'><strong>digitis</strong></span> <span class='ocrx_word' id='word_1_296' title='bbox 316 3596 456 3661; x_wconf 88' lang='lat' dir='ltr'><strong>pectinatim</strong></span> <span class='ocrx_word' id='word_1_297' title='bbox 468 3595 529 3645; x_wconf 91' lang='lat' dir='ltr'><strong>inter</strong></span> <span class='ocrx_word' id='word_1_298' title='bbox 538 3612 565 3645; x_wconf 87' lang='lat' dir='ltr'><strong>se</strong></span> <span class='ocrx_word' id='word_1_299' title='bbox 613 3600 684 3661; x_wconf 80' lang='lat' dir='ltr'><strong>plebe.</strong></span> <span class='ocrx_word' id='word_1_300' title='bbox 718 3595 765 3645; x_wconf 89' lang='lat' dir='ltr'><strong>Sed</strong></span> <span class='ocrx_word' id='word_1_301' title='bbox 792 3595 927 3644; x_wconf 80' lang='lat' dir='ltr'><strong>Antoninus</strong></span> <span class='ocrx_word' id='word_1_302' title='bbox 948 3593 1063 3643; x_wconf 78' lang='lat' dir='ltr'><strong>Liberalis</strong></span> <span class='ocrx_word' id='word_1_303' title='bbox 1083 3608 1114 3642; x_wconf 72' lang='lat' dir='ltr'><strong>ex</strong></span> 
     </span>
     <span class='ocr_line' id='line_1_36' title="bbox 67 3665 1117 3736; baseline -0.005 -17"><span class='ocrx_word' id='word_1_304' title='bbox 67 3670 188 3736; x_wconf 83' lang='lat' dir='ltr'><strong>implexis,</strong></span> <span class='ocrx_word' id='word_1_305' title='bbox 198 3670 340 3720; x_wconf 82' lang='lat' dir='ltr'><strong>veneficium</strong></span> <span class='ocrx_word' id='word_1_306' title='bbox 349 3680 400 3720; x_wconf 87' lang='lat' dir='ltr'><strong>cst:</strong></span> <span class='ocrx_word' id='word_1_307' title='bbox 418 3670 491 3735; x_wconf 89' lang='lat' dir='ltr'><strong>idque</strong></span> <span class='ocrx_word' id='word_1_308' title='bbox 501 3686 565 3720; x_wconf 89' lang='lat' dir='ltr'><strong>corn-</strong></span> <span class='ocrx_word' id='word_1_309' title='bbox 615 3669 731 3720; x_wconf 88' lang='lat' dir='ltr'><strong>Nicandri</strong></span> <span class='ocrx_word' id='word_1_310' title='bbox 751 3669 930 3725; x_wconf 78' lang='lat' dir='ltr'><strong>Transiormatt.</strong></span> <span class='ocrx_word' id='word_1_311' title='bbox 950 3665 1032 3722; x_wconf 86' lang='lat' dir='ltr'><strong>tradit,</strong></span> <span class='ocrx_word' id='word_1_312' title='bbox 1052 3665 1117 3715; x_wconf 85' lang='lat' dir='ltr'><strong>banc</strong></span> 
     </span>
     <span class='ocr_line' id='line_1_37' title="bbox 66 3739 1112 3808; baseline -0.004 -15"><span class='ocrx_word' id='word_1_313' title='bbox 66 3753 159 3808; x_wconf 86' lang='lat' dir='ltr'><strong>partum</strong></span> <span class='ocrx_word' id='word_1_314' title='bbox 181 3743 279 3793; x_wconf 78' lang='lat' dir='ltr'><strong>tradunt</strong></span> <span class='ocrx_word' id='word_1_315' title='bbox 299 3744 417 3794; x_wconf 87' lang='lat' dir='ltr'><strong>Alcmene</strong></span> <span class='ocrx_word' id='word_1_316' title='bbox 437 3744 566 3793; x_wconf 86' lang='lat' dir='ltr'><strong>Herculem</strong></span> <span class='ocrx_word' id='word_1_317' title='bbox 616 3744 763 3796; x_wconf 85' lang='lat' dir='ltr'><strong>Galanthida</strong></span> <span class='ocrx_word' id='word_1_318' title='bbox 781 3743 840 3807; x_wconf 86' lang='lat' dir='ltr'><strong>(ipsi</strong></span> <span class='ocrx_word' id='word_1_319' title='bbox 860 3750 946 3791; x_wconf 85' lang='lat' dir='ltr'><strong>vocata</strong></span> <span class='ocrx_word' id='word_1_320' title='bbox 961 3739 1112 3800; x_wconf 80' lang='lat' dir='ltr'><strong>Galiotbias)</strong></span> 
     </span>
     <span class='ocr_line' id='line_1_38' title="bbox 66 3815 1113 3883; baseline -0.006 -16"><span class='ocrx_word' id='word_1_321' title='bbox 66 3817 181 3881; x_wconf 85' lang='lat' dir='ltr'><strong>pariente.</strong></span> <span class='ocrx_word' id='word_1_322' title='bbox 215 3818 296 3883; x_wconf 89' lang='lat' dir='ltr'><strong>Pejus,</strong></span> <span class='ocrx_word' id='word_1_323' title='bbox 312 3819 332 3867; x_wconf 85' lang='lat' dir='ltr'><strong>si</strong></span> <span class='ocrx_word' id='word_1_324' title='bbox 347 3818 411 3868; x_wconf 86' lang='lat' dir='ltr'><strong>circa</strong></span> <span class='ocrx_word' id='word_1_325' title='bbox 427 3835 497 3867; x_wconf 87' lang='lat' dir='ltr'><strong>unum</strong></span> <span class='ocrx_word' id='word_1_326' title='bbox 516 3835 567 3867; x_wconf 79' lang='lat' dir='ltr'><strong>am·</strong></span> <span class='ocrx_word' id='word_1_327' title='bbox 616 3819 688 3868; x_wconf 77' lang='lat' dir='ltr'><strong>luisse</strong></span> <span class='ocrx_word' id='word_1_328' title='bbox 716 3817 791 3867; x_wconf 85' lang='lat' dir='ltr'><strong>Proeti</strong></span> <span class='ocrx_word' id='word_1_329' title='bbox 813 3815 1024 3871; x_wconf 80' lang='lat' dir='ltr'><strong>lbebanifiliam,</strong></span> <span class='ocrx_word' id='word_1_330' title='bbox 1042 3829 1113 3878; x_wconf 87' lang='lat' dir='ltr'><strong>quam</strong></span> 
     </span>
     <span class='ocr_line' id='line_1_39' title="bbox 66 3889 1113 3959; baseline -0.005 -20"><span class='ocrx_word' id='word_1_331' title='bbox 66 3890 126 3942; x_wconf 81' lang='lat' dir='ltr'><strong>bore</strong></span> <span class='ocrx_word' id='word_1_332' title='bbox 148 3908 236 3956; x_wconf 75' lang='lat' dir='ltr'><strong>genus.</strong></span> <span class='ocrx_word' id='word_1_333' title='bbox 268 3892 330 3942; x_wconf 82' lang='lat' dir='ltr'><strong>Item</strong></span> <span class='ocrx_word' id='word_1_334' title='bbox 350 3893 451 3959; x_wconf 85' lang='lat' dir='ltr'><strong>poplites</strong></span> <span class='ocrx_word' id='word_1_335' title='bbox 471 3892 567 3940; x_wconf 80' lang='lat' dir='ltr'><strong>alternis</strong></span> <span class='ocrx_word' id='word_1_336' title='bbox 617 3893 662 3945; x_wconf 89' lang='lat' dir='ltr'><strong>sibi</strong></span> <span class='ocrx_word' id='word_1_337' title='bbox 678 3890 843 3942; x_wconf 85' lang='lat' dir='ltr'><strong>convictricern</strong></span> <span class='ocrx_word' id='word_1_338' title='bbox 858 3889 975 3954; x_wconf 82' lang='lat' dir='ltr'><strong>delegerit</strong></span> <span class='ocrx_word' id='word_1_339' title='bbox 988 3889 1113 3937; x_wconf 72' lang='lat' dir='ltr'><strong>Alcmena„</strong></span> 
     </span>
     <span class='ocr_line' id='line_1_40' title="bbox 68 3960 1113 4031; baseline -0.01 -16"><span class='ocrx_word' id='word_1_340' title='bbox 68 3967 170 4030; x_wconf 74' lang='lat' dir='ltr'><strong>genibus</strong></span> <span class='ocrx_word' id='word_1_341' title='bbox 180 3966 278 4031; x_wconf 88' lang='lat' dir='ltr'><strong>imponi.</strong></span> <span class='ocrx_word' id='word_1_342' title='bbox 295 3967 354 4016; x_wconf 91' lang='lat' dir='ltr'><strong>ldeo</strong></span> <span class='ocrx_word' id='word_1_343' title='bbox 364 3967 416 4015; x_wconf 84' lang='lat' dir='ltr'><strong>brec</strong></span> <span class='ocrx_word' id='word_1_344' title='bbox 427 3967 452 4015; x_wconf 91' lang='lat' dir='ltr'><strong>in</strong></span> <span class='ocrx_word' id='word_1_345' title='bbox 462 3966 568 4016; x_wconf 85' lang='lat' dir='ltr'><strong>conciliis</strong></span> <span class='ocrx_word' id='word_1_346' title='bbox 618 3968 775 4016; x_wconf 72' lang='lat' dir='ltr'><strong>Promisistro</strong></span> <span class='ocrx_word' id='word_1_347' title='bbox 787 3963 910 4014; x_wconf 77' lang='lat' dir='ltr'><strong>Lactantio</strong></span> <span class='ocrx_word' id='word_1_348' title='bbox 920 3963 1014 4011; x_wconf 88' lang='lat' dir='ltr'><strong>dicitur.</strong></span> <span class='ocrx_word' id='word_1_349' title='bbox 1039 3960 1113 4006; x_wconf 79' lang='lat' dir='ltr'><strong>Flauo</strong></span> 
     </span>
     <span class='ocr_line' id='line_1_41' title="bbox 68 4033 1113 4106; baseline -0.011 -16"><span class='ocrx_word' id='word_1_350' title='bbox 68 4040 166 4098; x_wconf 86' lang='lat' dir='ltr'><strong>ducum,</strong></span> <span class='ocrx_word' id='word_1_351' title='bbox 175 4050 350 4106; x_wconf 85' lang='lat' dir='ltr'><strong>potestatnmve</strong></span> <span class='ocrx_word' id='word_1_352' title='bbox 356 4041 406 4091; x_wconf 85' lang='lat' dir='ltr'><strong>lieri</strong></span> <span class='ocrx_word' id='word_1_353' title='bbox 413 4052 507 4091; x_wconf 81' lang='lat' dir='ltr'><strong>vetuere</strong></span> <span class='ocrx_word' id='word_1_354' title='bbox 516 4056 566 4089; x_wconf 76' lang='grc' dir='ltr'><strong>οια-</strong></span> <span class='ocrx_word' id='word_1_355' title='bbox 617 4058 688 4090; x_wconf 83' lang='lat' dir='ltr'><strong>comos</strong></span> <span class='ocrx_word' id='word_1_356' title='bbox 697 4049 794 4089; x_wconf 86' lang='lat' dir='ltr'><strong>vocatur</strong></span> <span class='ocrx_word' id='word_1_357' title='bbox 801 4048 895 4104; x_wconf 87' lang='lat' dir='ltr'><strong>propter</strong></span> <span class='ocrx_word' id='word_1_358' title='bbox 904 4053 952 4085; x_wconf 83' lang='lat' dir='ltr'><strong>ver.</strong></span> <span class='ocrx_word' id='word_1_359' title='bbox 959 4037 1015 4083; x_wconf 78' lang='lat'><strong>³20.</strong></span> <span class='ocrx_word' id='word_1_360' title='bbox 1033 4033 1113 4080; x_wconf 78' lang='lat' dir='ltr'><strong>lt&#39;sscio</strong></span> 
     </span>
     <span class='ocr_line' id='line_1_42' title="bbox 66 4110 1009 4181; baseline -0.007 -18"><span class='ocrx_word' id='word_1_361' title='bbox 66 4115 138 4178; x_wconf 86' lang='lat' dir='ltr'><strong>jores,</strong></span> <span class='ocrx_word' id='word_1_362' title='bbox 146 4113 212 4163; x_wconf 82' lang='lat' dir='ltr'><strong>velut</strong></span> <span class='ocrx_word' id='word_1_363' title='bbox 219 4130 313 4164; x_wconf 87' lang='lat' dir='ltr'><strong>omnem</strong></span> <span class='ocrx_word' id='word_1_364' title='bbox 319 4128 398 4165; x_wconf 86' lang='lat' dir='ltr'><strong>actum</strong></span> <span class='ocrx_word' id='word_1_365' title='bbox 406 4113 567 4180; x_wconf 83' lang='lat' dir='ltr'><strong>impedientia.</strong></span> <span class='ocrx_word' id='word_1_366' title='bbox 616 4120 679 4181; x_wconf 73' lang='lat' dir='ltr'><strong>quid,</strong></span> <span class='ocrx_word' id='word_1_367' title='bbox 689 4115 778 4181; x_wconf 90' lang='lat' dir='ltr'><strong>aliquid</strong></span> <span class='ocrx_word' id='word_1_368' title='bbox 791 4112 879 4163; x_wconf 89' lang='lat' dir='ltr'><strong>occulti</strong></span> <span class='ocrx_word' id='word_1_369' title='bbox 890 4110 1009 4178; x_wconf 75' lang='lat' dir='ltr'><strong>prestigii.</strong></span> 
     </span>
     <span class='ocr_line' id='line_1_43' title="bbox 71 4187 567 4242; baseline -0.002 -4"><span class='ocrx_word' id='word_1_370' title='bbox 71 4187 175 4240; x_wconf 83' lang='lat' dir='ltr'><strong>Vetuere</strong></span> <span class='ocrx_word' id='word_1_371' title='bbox 186 4198 212 4240; x_wconf 85' lang='lat' dir='ltr'><strong>et</strong></span> <span class='ocrx_word' id='word_1_372' title='bbox 225 4190 299 4242; x_wconf 81' lang='lat' dir='ltr'><strong>sacris</strong></span> <span class='ocrx_word' id='word_1_373' title='bbox 308 4190 399 4241; x_wconf 76' lang='lat' dir='ltr'><strong>votisve</strong></span> <span class='ocrx_word' id='word_1_374' title='bbox 412 4190 485 4241; x_wconf 89' lang='lat' dir='ltr'><strong>simili</strong></span> <span class='ocrx_word' id='word_1_375' title='bbox 497 4188 567 4238; x_wconf 88' lang='lat' dir='ltr'><strong>modo</strong></span> 
     </span>
    </p>
   </div>
   <div class='ocr_carea' id='block_1_4' title="bbox 0 0 1406 5004">
    <p class='ocr_par' dir='ltr' id='par_1_9' title="bbox 0 0 1406 5004">
     <span class='ocr_line' id='line_1_44' title="bbox 0 0 1406 5004; baseline 0 0"><span class='ocrx_word' id='word_1_376' title='bbox 0 0 1406 5004; x_wconf 95' lang='lat' dir='ltr'><strong> </strong></span> 
     </span>
    </p>
   </div>
  </div>
 </body>
</html>
