<?xml version="1.0" encoding="UTF-8"?>
<!DOCTYPE html PUBLIC "-//W3C//DTD XHTML 1.0 Transitional//EN"
    "http://www.w3.org/TR/xhtml1/DTD/xhtml1-transitional.dtd">
<html xmlns="http://www.w3.org/1999/xhtml" xml:lang="en" lang="en">
 <head>
  <title>
</title>
<meta http-equiv="Content-Type" content="text/html;charset=utf-8" />
  <meta name='ocr-system' content='tesseract 3.04.00' />
  <meta name='ocr-capabilities' content='ocr_page ocr_carea ocr_par ocr_line ocrx_word'/>
</head>
<body>
  <div class='ocr_page' id='page_1' title='image "./povidiinasoniso05burmgoog_0301.png"; bbox 0 0 2774 5004; ppageno 0'>
   <div class='ocr_carea' id='block_1_1' title="bbox 163 313 918 411">
    <p class='ocr_par' dir='ltr' id='par_1_1' title="bbox 163 313 918 411">
     <span class='ocr_line' id='line_1_1' title="bbox 163 313 918 411; baseline -0.001 -27"><span class='ocrx_word' id='word_1_1' title='bbox 163 325 229 411; x_wconf 70' lang='lat' dir='ltr'>ml</span> <span class='ocrx_word' id='word_1_2' title='bbox 455 318 501 384; x_wconf 64' lang='lat' dir='ltr'>P,</span> <span class='ocrx_word' id='word_1_3' title='bbox 518 313 682 385; x_wconf 86' lang='lat' dir='ltr'>ovrnrr</span> <span class='ocrx_word' id='word_1_4' title='bbox 707 316 918 395; x_wconf 81' lang='lat' dir='ltr'>uxsours</span> 
     </span>
    </p>
   </div>
   <div class='ocr_carea' id='block_1_2' title="bbox 124 491 1200 2534">
    <p class='ocr_par' dir='ltr' id='par_1_2' title="bbox 124 491 1200 2534">
     <span class='ocr_line' id='line_1_2' title="bbox 163 491 1196 590; baseline -0.003 -20"><span class='ocrx_word' id='word_1_5' title='bbox 163 495 253 571; x_wconf 85' lang='lat' dir='ltr'>Fert</span> <span class='ocrx_word' id='word_1_6' title='bbox 271 491 458 567; x_wconf 90' lang='lat' dir='ltr'>humeris:</span> <span class='ocrx_word' id='word_1_7' title='bbox 487 491 555 566; x_wconf 87' lang='lat' dir='ltr'>sed</span> <span class='ocrx_word' id='word_1_8' title='bbox 575 491 676 566; x_wconf 88' lang='lat' dir='ltr'>enim</span> <span class='ocrx_word' id='word_1_9' title='bbox 695 503 898 590; x_wconf 84' lang='lat' dir='ltr'>postquam</span> <span class='ocrx_word' id='word_1_10' title='bbox 910 511 1038 588; x_wconf 88' lang='lat' dir='ltr'>super</span> <span class='ocrx_word' id='word_1_11' title='bbox 1060 512 1129 564; x_wconf 85' lang='lat' dir='ltr'>ora</span> <span class='ocrx_word' id='word_1_12' title='bbox 1147 513 1196 567; x_wconf 83' lang='lat' dir='ltr'>ua·</span> 
     </span>
     <span class='ocr_line' id='line_1_3' title="bbox 313 619 460 707; baseline 0.007 -26"><span class='ocrx_word' id='word_1_13' title='bbox 313 619 460 707; x_wconf 90' lang='lat' dir='ltr'>putque</span> 
     </span>
     <span class='ocr_line' id='line_1_4' title="bbox 163 722 1196 820; baseline -0.004 -20"><span class='ocrx_word' id='word_1_14' title='bbox 163 725 293 800; x_wconf 87' lang='lat' dir='ltr'>Crevit</span> <span class='ocrx_word' id='word_1_15' title='bbox 301 747 541 820; x_wconf 90' lang='lat' dir='ltr'>onus,neque</span> <span class='ocrx_word' id='word_1_16' title='bbox 548 723 675 810; x_wconf 89' lang='lat' dir='ltr'>habet,</span> <span class='ocrx_word' id='word_1_17' title='bbox 684 723 912 820; x_wconf 88' lang='lat' dir='ltr'>quasducat,</span> <span class='ocrx_word' id='word_1_18' title='bbox 921 722 1080 820; x_wconf 85' lang='lat' dir='ltr'>spiritus</span> <span class='ocrx_word' id='word_1_19' title='bbox 1090 745 1196 808; x_wconf 88' lang='lat' dir='ltr'>auras,</span> 
     </span>
     <span class='ocr_line' id='line_1_5' title="bbox 163 836 1127 935; baseline -0.007 -19"><span class='ocrx_word' id='word_1_20' title='bbox 163 841 305 916; x_wconf 89' lang='lat' dir='ltr'>Deficit</span> <span class='ocrx_word' id='word_1_21' title='bbox 321 838 532 913; x_wconf 90' lang='lat' dir='ltr'>interdum:</span> <span class='ocrx_word' id='word_1_22' title='bbox 562 838 673 911; x_wconf 92' lang='lat' dir='ltr'>modo</span> <span class='ocrx_word' id='word_1_23' title='bbox 692 861 732 911; x_wconf 93' lang='lat' dir='ltr'>se</span> <span class='ocrx_word' id='word_1_24' title='bbox 750 862 864 935; x_wconf 88' lang='lat' dir='ltr'>super</span> <span class='ocrx_word' id='word_1_25' title='bbox 881 860 969 911; x_wconf 82' lang='lat' dir='ltr'>aera</span> <span class='ocrx_word' id='word_1_26' title='bbox 986 836 1127 910; x_wconf 88' lang='lat' dir='ltr'>frustra</span> 
     </span>
     <span class='ocr_line' id='line_1_6' title="bbox 162 951 1197 1049; baseline -0.003 -20"><span class='ocrx_word' id='word_1_27' title='bbox 162 956 311 1030; x_wconf 84' lang='lat' dir='ltr'>Tollere</span> <span class='ocrx_word' id='word_1_28' title='bbox 329 964 497 1039; x_wconf 87' lang='lat' dir='ltr'>conatur,</span> <span class='ocrx_word' id='word_1_29' title='bbox 512 955 711 1049; x_wconf 87' lang='lat' dir='ltr'>jactasque</span> <span class='ocrx_word' id='word_1_30' title='bbox 728 953 897 1025; x_wconf 86' lang='lat' dir='ltr'>evolvere</span> <span class='ocrx_word' id='word_1_31' title='bbox 915 951 1053 1039; x_wconf 85' lang='lat' dir='ltr'>silvas;</span> <span class='ocrx_word' id='word_1_32' title='bbox 1139 956 1197 1026; x_wconf 79' lang='lat'>519</span> 
     </span>
     <span class='ocr_line' id='line_1_7' title="bbox 162 1066 1195 1164; baseline -0.007 -19"><span class='ocrx_word' id='word_1_33' title='bbox 162 1069 436 1164; x_wconf 87' lang='lat' dir='ltr'>Interdumque</span> <span class='ocrx_word' id='word_1_34' title='bbox 454 1077 597 1140; x_wconf 89' lang='lat' dir='ltr'>movet:</span> <span class='ocrx_word' id='word_1_35' title='bbox 616 1066 745 1152; x_wconf 86' lang='lat' dir='ltr'>veluti,</span> <span class='ocrx_word' id='word_1_36' title='bbox 758 1090 872 1163; x_wconf 88' lang='lat' dir='ltr'>quam</span> <span class='ocrx_word' id='word_1_37' title='bbox 886 1066 1195 1153; x_wconf 64' lang='lat' dir='ltr'>cernimusecce!</span> 
     </span>
     <span class='ocr_line' id='line_1_8' title="bbox 163 1181 959 1279; baseline -0.004 -20"><span class='ocrx_word' id='word_1_38' title='bbox 163 1185 292 1259; x_wconf 85' lang='lat' dir='ltr'>Ardua</span> <span class='ocrx_word' id='word_1_39' title='bbox 308 1182 340 1256; x_wconf 92' lang='lat' dir='ltr'>si</span> <span class='ocrx_word' id='word_1_40' title='bbox 358 1194 465 1256; x_wconf 85' lang='lat' dir='ltr'>terrae</span> <span class='ocrx_word' id='word_1_41' title='bbox 484 1181 676 1279; x_wconf 85' lang='lat' dir='ltr'>quatiatur</span> <span class='ocrx_word' id='word_1_42' title='bbox 693 1182 858 1256; x_wconf 92' lang='lat' dir='ltr'>motibus</span> <span class='ocrx_word' id='word_1_43' title='bbox 876 1181 959 1257; x_wconf 88' lang='lat' dir='ltr'>Ide.</span> 
     </span>
     <span class='ocr_line' id='line_1_9' title="bbox 163 1296 1066 1395; baseline -0.004 -21"><span class='ocrx_word' id='word_1_44' title='bbox 163 1299 301 1374; x_wconf 85' lang='lat' dir='ltr'>Exitus</span> <span class='ocrx_word' id='word_1_45' title='bbox 319 1299 357 1370; x_wconf 89' lang='lat' dir='ltr'>in</span> <span class='ocrx_word' id='word_1_46' title='bbox 374 1296 489 1370; x_wconf 93' lang='lat' dir='ltr'>dubio</span> <span class='ocrx_word' id='word_1_47' title='bbox 505 1307 584 1370; x_wconf 92' lang='lat' dir='ltr'>est:</span> <span class='ocrx_word' id='word_1_48' title='bbox 614 1296 676 1368; x_wconf 90' lang='lat' dir='ltr'>alii</span> <span class='ocrx_word' id='word_1_49' title='bbox 695 1296 765 1368; x_wconf 93' lang='lat' dir='ltr'>sub</span> <span class='ocrx_word' id='word_1_50' title='bbox 784 1296 909 1370; x_wconf 87' lang='lat' dir='ltr'>inania</span> <span class='ocrx_word' id='word_1_51' title='bbox 925 1321 1066 1395; x_wconf 87' lang='lat' dir='ltr'>corpus</span> 
     </span>
     <span class='ocr_line' id='line_1_10' title="bbox 163 1410 1041 1488; baseline -0.006 0"><span class='ocrx_word' id='word_1_52' title='bbox 163 1415 320 1488; x_wconf 88' lang='lat' dir='ltr'>Tartara</span> <span class='ocrx_word' id='word_1_53' title='bbox 335 1413 530 1486; x_wconf 91' lang='lat' dir='ltr'>detrusum</span> <span class='ocrx_word' id='word_1_54' title='bbox 545 1411 721 1483; x_wconf 86' lang='lat' dir='ltr'>silvarum</span> <span class='ocrx_word' id='word_1_55' title='bbox 740 1412 838 1484; x_wconf 90' lang='lat' dir='ltr'>mole</span> <span class='ocrx_word' id='word_1_56' title='bbox 856 1410 1041 1485; x_wconf 86' lang='lat' dir='ltr'>ferebant.</span> 
     </span>
     <span class='ocr_line' id='line_1_11' title="bbox 124 1525 1158 1625; baseline -0.005 -21"><span class='ocrx_word' id='word_1_57' title='bbox 124 1584 127 1591; x_wconf 79' lang='lat'>·</span> <span class='ocrx_word' id='word_1_58' title='bbox 162 1528 309 1611; x_wconf 84' lang='lat' dir='ltr'>Abnuit</span> <span class='ocrx_word' id='word_1_59' title='bbox 325 1525 580 1625; x_wconf 88' lang='lat' dir='ltr'>Ampycides;</span> <span class='ocrx_word' id='word_1_60' title='bbox 608 1525 810 1621; x_wconf 89' lang='lat' dir='ltr'>medioque</span> <span class='ocrx_word' id='word_1_61' title='bbox 827 1551 876 1601; x_wconf 94' lang='lat' dir='ltr'>ex</span> <span class='ocrx_word' id='word_1_62' title='bbox 895 1549 1035 1622; x_wconf 85' lang='lat' dir='ltr'>aggere</span> <span class='ocrx_word' id='word_1_63' title='bbox 1051 1525 1158 1600; x_wconf 80' lang='lat' dir='ltr'>fulvis</span> 
     </span>
     <span class='ocr_line' id='line_1_12' title="bbox 162 1641 1195 1741; baseline -0.003 -23"><span class='ocrx_word' id='word_1_64' title='bbox 162 1645 268 1718; x_wconf 91' lang='lat' dir='ltr'>Vidit</span> <span class='ocrx_word' id='word_1_65' title='bbox 286 1668 392 1717; x_wconf 89' lang='lat' dir='ltr'>avem</span> <span class='ocrx_word' id='word_1_66' title='bbox 411 1641 545 1741; x_wconf 88' lang='lat' dir='ltr'>pennis</span> <span class='ocrx_word' id='word_1_67' title='bbox 563 1641 726 1738; x_wconf 89' lang='lat' dir='ltr'>liquidas</span> <span class='ocrx_word' id='word_1_68' title='bbox 745 1641 849 1716; x_wconf 89' lang='lat' dir='ltr'>exire</span> <span class='ocrx_word' id='word_1_69' title='bbox 866 1642 937 1715; x_wconf 89' lang='lat' dir='ltr'>sub</span> <span class='ocrx_word' id='word_1_70' title='bbox 957 1665 1080 1728; x_wconf 86' lang='lat' dir='ltr'>auras,</span> <span class='ocrx_word' id='word_1_71' title='bbox 1136 1645 1195 1715; x_wconf 79' lang='grc'>525</span> 
     </span>
     <span class='ocr_line' id='line_1_13' title="bbox 163 1756 1194 1855; baseline -0.001 -23"><span class='ocrx_word' id='word_1_72' title='bbox 163 1759 259 1844; x_wconf 69' lang='lat' dir='ltr'>Quae</span> <span class='ocrx_word' id='word_1_73' title='bbox 276 1756 367 1829; x_wconf 92' lang='lat' dir='ltr'>mihi</span> <span class='ocrx_word' id='word_1_74' title='bbox 384 1768 474 1830; x_wconf 91' lang='lat' dir='ltr'>tunc</span> <span class='ocrx_word' id='word_1_75' title='bbox 488 1756 660 1854; x_wconf 89' lang='lat' dir='ltr'>primum,</span> <span class='ocrx_word' id='word_1_76' title='bbox 675 1766 764 1828; x_wconf 92' lang='lat' dir='ltr'>tunc</span> <span class='ocrx_word' id='word_1_77' title='bbox 783 1765 842 1828; x_wconf 87' lang='lat' dir='ltr'>est</span> <span class='ocrx_word' id='word_1_78' title='bbox 858 1767 1067 1854; x_wconf 87' lang='lat' dir='ltr'>conspecta</span> <span class='ocrx_word' id='word_1_79' title='bbox 1080 1780 1194 1855; x_wconf 85' lang='lat' dir='ltr'>supre-</span> 
     </span>
     <span class='ocr_line' id='line_1_14' title="bbox 166 1869 1194 1967; baseline -0.003 -21"><span class='ocrx_word' id='word_1_80' title='bbox 166 1872 275 1946; x_wconf 88' lang='lat' dir='ltr'>Hanc</span> <span class='ocrx_word' id='word_1_81' title='bbox 286 1872 351 1946; x_wconf 93' lang='lat' dir='ltr'>ubi</span> <span class='ocrx_word' id='word_1_82' title='bbox 363 1873 584 1946; x_wconf 85' lang='lat' dir='ltr'>lustrantem</span> <span class='ocrx_word' id='word_1_83' title='bbox 597 1869 672 1945; x_wconf 86' lang='lat' dir='ltr'>leui</span> <span class='ocrx_word' id='word_1_84' title='bbox 687 1894 756 1944; x_wconf 87' lang='lat' dir='ltr'>sua</span> <span class='ocrx_word' id='word_1_85' title='bbox 772 1881 896 1944; x_wconf 85' lang='lat' dir='ltr'>castra</span> <span class='ocrx_word' id='word_1_86' title='bbox 911 1871 1040 1945; x_wconf 87' lang='lat' dir='ltr'>volatu</span> <span class='ocrx_word' id='word_1_87' title='bbox 1075 1873 1194 1967; x_wconf 85' lang='lat' dir='ltr'>[mum.</span> 
     </span>
     <span class='ocr_line' id='line_1_15' title="bbox 165 1986 1124 2084; baseline 0 -24"><span class='ocrx_word' id='word_1_88' title='bbox 165 1986 339 2084; x_wconf 74' lang='lat' dir='ltr'>MopsuS,</span> <span class='ocrx_word' id='word_1_89' title='bbox 358 1997 398 2059; x_wconf 90' lang='lat' dir='ltr'>et</span> <span class='ocrx_word' id='word_1_90' title='bbox 415 1987 557 2082; x_wconf 91' lang='lat' dir='ltr'>ingenti</span> <span class='ocrx_word' id='word_1_91' title='bbox 574 1987 716 2060; x_wconf 87' lang='lat' dir='ltr'>circum</span> <span class='ocrx_word' id='word_1_92' title='bbox 733 1987 908 2082; x_wconf 87' lang='lat' dir='ltr'>clangore</span> <span class='ocrx_word' id='word_1_93' title='bbox 925 1998 1124 2063; x_wconf 86' lang='lat' dir='ltr'>sonantem</span> 
     </span>
     <span class='ocr_line' id='line_1_16' title="bbox 165 2099 1122 2198; baseline 0.003 -24"><span class='ocrx_word' id='word_1_94' title='bbox 165 2099 340 2198; x_wconf 85' lang='lat' dir='ltr'>Aspexit,</span> <span class='ocrx_word' id='word_1_95' title='bbox 360 2099 573 2196; x_wconf 87' lang='lat' dir='ltr'>pariterque</span> <span class='ocrx_word' id='word_1_96' title='bbox 591 2100 708 2173; x_wconf 89' lang='lat' dir='ltr'>oculis</span> <span class='ocrx_word' id='word_1_97' title='bbox 726 2100 926 2197; x_wconf 89' lang='lat' dir='ltr'>animoque</span> <span class='ocrx_word' id='word_1_98' title='bbox 942 2113 1122 2177; x_wconf 87' lang='lat' dir='ltr'>secutus:</span> 
     </span>
     <span class='ocr_line' id='line_1_17' title="bbox 166 2214 1199 2313; baseline 0 -26"><span class='ocrx_word' id='word_1_99' title='bbox 166 2224 190 2287; x_wconf 84' lang='lat'>‘.‘</span> <span class='ocrx_word' id='word_1_100' title='bbox 211 2214 245 2287; x_wconf 97' lang='grc' dir='ltr'>Ο</span> <span class='ocrx_word' id='word_1_101' title='bbox 265 2214 403 2300; x_wconf 87' lang='lat' dir='ltr'>salve,’&#39;</span> <span class='ocrx_word' id='word_1_102' title='bbox 421 2214 531 2299; x_wconf 86' lang='lat' dir='ltr'>dixit,</span> <span class='ocrx_word' id='word_1_103' title='bbox 552 2223 575 2252; x_wconf 92' lang='lat'><strong>“</strong></span> <span class='ocrx_word' id='word_1_104' title='bbox 591 2214 794 2313; x_wconf 83' lang='lat' dir='ltr'>Lapithaeae</span> <span class='ocrx_word' id='word_1_105' title='bbox 813 2216 930 2311; x_wconf 90' lang='lat' dir='ltr'>gloria</span> <span class='ocrx_word' id='word_1_106' title='bbox 947 2217 1086 2312; x_wconf 88' lang='lat' dir='ltr'>gentis,</span> <span class='ocrx_word' id='word_1_107' title='bbox 1138 2222 1199 2290; x_wconf 82' lang='lat'>530</span> 
     </span>
     <span class='ocr_line' id='line_1_18' title="bbox 166 2329 1200 2427; baseline 0.002 -23"><span class='ocrx_word' id='word_1_108' title='bbox 166 2329 396 2404; x_wconf 87' lang='lat' dir='ltr'>Maximevir</span> <span class='ocrx_word' id='word_1_109' title='bbox 406 2329 609 2427; x_wconf 87' lang='lat' dir='ltr'>quondam,</span> <span class='ocrx_word' id='word_1_110' title='bbox 622 2330 689 2403; x_wconf 87' lang='lat' dir='ltr'>sed</span> <span class='ocrx_word' id='word_1_111' title='bbox 701 2329 778 2404; x_wconf 87' lang='lat' dir='ltr'>avis</span> <span class='ocrx_word' id='word_1_112' title='bbox 790 2354 888 2403; x_wconf 88' lang='lat' dir='ltr'>nunc</span> <span class='ocrx_word' id='word_1_113' title='bbox 899 2331 1023 2416; x_wconf 90' lang='lat' dir='ltr'>unica,</span> <span class='ocrx_word' id='word_1_114' title='bbox 1034 2329 1200 2406; x_wconf 89' lang='lat' dir='ltr'>Caeneu.”</span> 
     </span>
     <span class='ocr_line' id='line_1_19' title="bbox 167 2444 1172 2534; baseline 0.003 -16"><span class='ocrx_word' id='word_1_115' title='bbox 167 2444 323 2519; x_wconf 87' lang='lat' dir='ltr'>Credita</span> <span class='ocrx_word' id='word_1_116' title='bbox 340 2468 398 2517; x_wconf 89' lang='lat' dir='ltr'>res</span> <span class='ocrx_word' id='word_1_117' title='bbox 417 2456 567 2518; x_wconf 87' lang='lat' dir='ltr'>auctore</span> <span class='ocrx_word' id='word_1_118' title='bbox 586 2470 653 2518; x_wconf 92' lang='lat' dir='ltr'>suo</span> <span class='ocrx_word' id='word_1_119' title='bbox 671 2456 751 2519; x_wconf 90' lang='lat' dir='ltr'>est:</span> <span class='ocrx_word' id='word_1_120' title='bbox 773 2445 878 2518; x_wconf 91' lang='lat' dir='ltr'>dolor</span> <span class='ocrx_word' id='word_1_121' title='bbox 895 2446 1043 2520; x_wconf 90' lang='lat' dir='ltr'>addidit</span> <span class='ocrx_word' id='word_1_122' title='bbox 1061 2446 1172 2534; x_wconf 86' lang='lat' dir='ltr'>iram;</span> 
     </span>
    </p>
   </div>
   <div class='ocr_carea' id='block_1_3' title="bbox 166 2560 1203 3091">
    <p class='ocr_par' dir='ltr' id='par_1_3' title="bbox 166 2560 1203 3091">
     <span class='ocr_line' id='line_1_20' title="bbox 167 2560 1200 2659; baseline 0.001 -25"><span class='ocrx_word' id='word_1_123' title='bbox 167 2561 481 2659; x_wconf 88' lang='lat' dir='ltr'>Oppressumque</span> <span class='ocrx_word' id='word_1_124' title='bbox 492 2584 589 2656; x_wconf 75' lang='lat' dir='ltr'>aegre</span> <span class='ocrx_word' id='word_1_125' title='bbox 601 2560 754 2633; x_wconf 90' lang='lat' dir='ltr'>tulimus</span> <span class='ocrx_word' id='word_1_126' title='bbox 765 2570 821 2633; x_wconf 91' lang='lat' dir='ltr'>tot</span> <span class='ocrx_word' id='word_1_127' title='bbox 831 2560 878 2633; x_wconf 89' lang='lat' dir='ltr'>ab</span> <span class='ocrx_word' id='word_1_128' title='bbox 889 2560 1062 2635; x_wconf 91' lang='lat' dir='ltr'>hostibus</span> <span class='ocrx_word' id='word_1_129' title='bbox 1075 2585 1200 2635; x_wconf 91' lang='lat' dir='ltr'>unum:</span> 
     </span>
     <span class='ocr_line' id='line_1_21' title="bbox 167 2673 1201 2773; baseline -0.003 -23"><span class='ocrx_word' id='word_1_130' title='bbox 167 2675 251 2750; x_wconf 89' lang='lat' dir='ltr'>Nec</span> <span class='ocrx_word' id='word_1_131' title='bbox 270 2674 372 2773; x_wconf 92' lang='lat' dir='ltr'>prius</span> <span class='ocrx_word' id='word_1_132' title='bbox 391 2673 605 2748; x_wconf 89' lang='lat' dir='ltr'>abstitimus</span> <span class='ocrx_word' id='word_1_133' title='bbox 624 2673 761 2747; x_wconf 89' lang='lat' dir='ltr'>serrum</span> <span class='ocrx_word' id='word_1_134' title='bbox 779 2698 955 2749; x_wconf 87' lang='lat' dir='ltr'>exercere</span> <span class='ocrx_word' id='word_1_135' title='bbox 972 2700 1120 2764; x_wconf 89' lang='lat' dir='ltr'>cruore,</span> <span class='ocrx_word' id='word_1_136' title='bbox 1139 2680 1201 2750; x_wconf 79' lang='grc'>534</span> 
     </span>
     <span class='ocr_line' id='line_1_22' title="bbox 166 2789 1203 2887; baseline 0 -24"><span class='ocrx_word' id='word_1_137' title='bbox 166 2790 291 2875; x_wconf 84' lang='lat' dir='ltr'>Quam</span> <span class='ocrx_word' id='word_1_138' title='bbox 308 2790 397 2864; x_wconf 87' lang='lat' dir='ltr'>data</span> <span class='ocrx_word' id='word_1_139' title='bbox 414 2812 500 2887; x_wconf 87' lang='lat' dir='ltr'>pars</span> <span class='ocrx_word' id='word_1_140' title='bbox 512 2791 600 2874; x_wconf 87' lang='lat' dir='ltr'>leto,</span> <span class='ocrx_word' id='word_1_141' title='bbox 611 2800 755 2887; x_wconf 85' lang='lat' dir='ltr'>partem</span> <span class='ocrx_word' id='word_1_142' title='bbox 769 2789 858 2885; x_wconf 83' lang='lat' dir='ltr'>suga</span> <span class='ocrx_word' id='word_1_143' title='bbox 873 2814 1027 2887; x_wconf 90' lang='lat' dir='ltr'>noxque</span> <span class='ocrx_word' id='word_1_144' title='bbox 1044 2793 1203 2865; x_wconf 90' lang='lat' dir='ltr'>removit.</span> 
     </span>
     <span class='ocr_line' id='line_1_23' title="bbox 217 2904 1201 3002; baseline 0.004 -25"><span class='ocrx_word' id='word_1_145' title='bbox 217 2905 284 2978; x_wconf 88' lang='lat' dir='ltr'>IV.</span> <span class='ocrx_word' id='word_1_146' title='bbox 315 2904 408 2976; x_wconf 88' lang='lat' dir='ltr'>Haec</span> <span class='ocrx_word' id='word_1_147' title='bbox 435 2904 531 2978; x_wconf 90' lang='lat' dir='ltr'>inter</span> <span class='ocrx_word' id='word_1_148' title='bbox 552 2904 730 3002; x_wconf 88' lang='lat' dir='ltr'>Lapithas</span> <span class='ocrx_word' id='word_1_149' title='bbox 756 2917 795 2979; x_wconf 92' lang='lat' dir='ltr'>et</span> <span class='ocrx_word' id='word_1_150' title='bbox 813 2907 1087 2987; x_wconf 86' lang='lat' dir='ltr'>¹semihomines</span> <span class='ocrx_word' id='word_1_151' title='bbox 1111 2909 1201 2981; x_wconf 88' lang='lat' dir='ltr'>Cen·</span> 
     </span>
     <span class='ocr_line' id='line_1_24' title="bbox 317 3029 444 3091; baseline 0 -1"><span class='ocrx_word' id='word_1_152' title='bbox 317 3029 444 3091; x_wconf 87' lang='lat' dir='ltr'>tauros</span> 
     </span>
    </p>
   </div>
   <div class='ocr_carea' id='block_1_4' title="bbox 167 3181 1213 4202">
    <p class='ocr_par' dir='ltr' id='par_1_4' title="bbox 167 3181 1209 3462">
     <span class='ocr_line' id='line_1_25' title="bbox 199 3181 1207 3250; baseline -0.001 -16"><span class='ocrx_word' id='word_1_153' title='bbox 199 3185 258 3234; x_wconf 82' lang='grc'>518.</span> <span class='ocrx_word' id='word_1_154' title='bbox 277 3184 350 3245; x_wconf 76' lang='lat' dir='ltr'>Super</span> <span class='ocrx_word' id='word_1_155' title='bbox 369 3199 432 3239; x_wconf 83' lang='lat' dir='ltr'>seru,</span> <span class='ocrx_word' id='word_1_156' title='bbox 448 3181 472 3230; x_wconf 92' lang='lat' dir='ltr'>in</span> <span class='ocrx_word' id='word_1_157' title='bbox 494 3197 557 3239; x_wconf 76' lang='lat' dir='ltr'>aera,</span> <span class='ocrx_word' id='word_1_158' title='bbox 578 3193 602 3231; x_wconf 87' lang='lat' dir='ltr'>et</span> <span class='ocrx_word' id='word_1_159' title='bbox 620 3183 665 3231; x_wconf 86' lang='lat' dir='ltr'>lroc</span> <span class='ocrx_word' id='word_1_160' title='bbox 717 3198 787 3246; x_wconf 85' lang='lat' dir='ltr'>quam</span> <span class='ocrx_word' id='word_1_161' title='bbox 808 3186 915 3242; x_wconf 70' lang='lat' dir='ltr'>misnam,</span> <span class='ocrx_word' id='word_1_162' title='bbox 932 3183 1059 3232; x_wconf 80' lang='lat' dir='ltr'>Scholiasr.</span> <span class='ocrx_word' id='word_1_163' title='bbox 1075 3184 1207 3250; x_wconf 81' lang='lat' dir='ltr'>Apolloni.</span> 
     </span>
     <span class='ocr_line' id='line_1_26' title="bbox 168 3256 1209 3321; baseline -0.001 -15"><span class='ocrx_word' id='word_1_164' title='bbox 168 3257 315 3321; x_wconf 83' lang='lat' dir='ltr'>simpliciter,</span> <span class='ocrx_word' id='word_1_165' title='bbox 336 3256 417 3305; x_wconf 89' lang='lat' dir='ltr'>tollere</span> <span class='ocrx_word' id='word_1_166' title='bbox 430 3275 436 3315; x_wconf 89' lang='lat'>;</span> <span class='ocrx_word' id='word_1_167' title='bbox 462 3256 583 3319; x_wconf 79' lang='lat' dir='ltr'>Virgilius,</span> <span class='ocrx_word' id='word_1_168' title='bbox 606 3258 665 3304; x_wconf 81' lang='lat' dir='ltr'>AEn.</span> <span class='ocrx_word' id='word_1_169' title='bbox 716 3257 840 3305; x_wconf 67' lang='lat' dir='ltr'>strare</span> <span class='ocrx_word' id='word_1_170' title='bbox 855 3260 907 3321; x_wconf 82' lang='grc' dir='ltr'>γῆν</span> <span class='ocrx_word' id='word_1_171' title='bbox 924 3257 1002 3306; x_wconf 78' lang='grc' dir='ltr'>αὑτὸν</span> <span class='ocrx_word' id='word_1_172' title='bbox 1019 3258 1136 3308; x_wconf 77' lang='grc' dir='ltr'>ὠθοῦσιν.</span> <span class='ocrx_word' id='word_1_173' title='bbox 1163 3259 1209 3306; x_wconf 84' lang='lat' dir='ltr'>llo·</span> 
     </span>
     <span class='ocr_line' id='line_1_27' title="bbox 167 3329 990 3394; baseline -0.001 -17"><span class='ocrx_word' id='word_1_174' title='bbox 167 3330 193 3378; x_wconf 89' lang='lat' dir='ltr'>ii.</span> <span class='ocrx_word' id='word_1_175' title='bbox 209 3332 265 3379; x_wconf 79' lang='lat'><strong>699.</strong></span> <span class='ocrx_word' id='word_1_176' title='bbox 283 3347 305 3378; x_wconf 79' lang='lat' dir='ltr'>se</span> <span class='ocrx_word' id='word_1_177' title='bbox 327 3332 385 3378; x_wconf 81' lang='lat' dir='ltr'>tollit</span> <span class='ocrx_word' id='word_1_178' title='bbox 401 3333 431 3377; x_wconf 88' lang='lat' dir='ltr'>ud</span> <span class='ocrx_word' id='word_1_179' title='bbox 449 3347 526 3385; x_wconf 78' lang='lat' dir='ltr'>ouras,</span> <span class='ocrx_word' id='word_1_180' title='bbox 544 3330 619 3394; x_wconf 84' lang='lat' dir='ltr'>surgit</span> <span class='ocrx_word' id='word_1_181' title='bbox 636 3329 666 3378; x_wconf 88' lang='lat' dir='ltr'>do</span> <span class='ocrx_word' id='word_1_182' title='bbox 717 3339 775 3378; x_wconf 82' lang='lat' dir='ltr'>rent.</span> <span class='ocrx_word' id='word_1_183' title='bbox 788 3330 858 3377; x_wconf 82' lang='lat' dir='ltr'>habet</span> <span class='ocrx_word' id='word_1_184' title='bbox 868 3341 990 3377; x_wconf 79' lang='lat' dir='ltr'>retrusum.</span> 
     </span>
     <span class='ocr_line' id='line_1_28' title="bbox 167 3403 1079 3462; baseline 0.003 -13"><span class='ocrx_word' id='word_1_185' title='bbox 167 3411 249 3450; x_wconf 83' lang='lat' dir='ltr'>strato.</span> <span class='ocrx_word' id='word_1_186' title='bbox 749 3404 806 3451; x_wconf 82' lang='lat'><strong>525.</strong></span> <span class='ocrx_word' id='word_1_187' title='bbox 816 3403 863 3450; x_wconf 83' lang='lat' dir='ltr'>Sub</span> <span class='ocrx_word' id='word_1_188' title='bbox 873 3420 952 3462; x_wconf 81' lang='lat' dir='ltr'>ouras,</span> <span class='ocrx_word' id='word_1_189' title='bbox 964 3404 988 3449; x_wconf 92' lang='lat' dir='ltr'>in</span> <span class='ocrx_word' id='word_1_190' title='bbox 999 3419 1079 3452; x_wconf 81' lang='lat' dir='ltr'>auras.</span> 
     </span>
    </p>

    <p class='ocr_par' dir='ltr' id='par_1_5' title="bbox 169 3475 1211 3614">
     <span class='ocr_line' id='line_1_29' title="bbox 200 3475 1210 3538; baseline 0.002 -15"><span class='ocrx_word' id='word_1_191' title='bbox 200 3477 257 3523; x_wconf 78' lang='lat'><strong>520.</strong></span> <span class='ocrx_word' id='word_1_192' title='bbox 279 3475 318 3521; x_wconf 79' lang='lat' dir='ltr'>lde</span> <span class='ocrx_word' id='word_1_193' title='bbox 339 3476 363 3522; x_wconf 91' lang='lat' dir='ltr'>in</span> <span class='ocrx_word' id='word_1_194' title='bbox 385 3486 515 3538; x_wconf 86' lang='lat' dir='ltr'>conspectu</span> <span class='ocrx_word' id='word_1_195' title='bbox 530 3476 666 3524; x_wconf 77' lang='lat' dir='ltr'>Graecurum</span> <span class='ocrx_word' id='word_1_196' title='bbox 720 3498 722 3502; x_wconf 94' lang='lat'>·</span> <span class='ocrx_word' id='word_1_197' title='bbox 750 3476 967 3523; x_wconf 61' lang='lat' dir='ltr'>murmurantem</span> <span class='ocrx_word' id='word_1_198' title='bbox 984 3478 1210 3533; x_wconf 58' lang='lat' dir='ltr'>mensuraverun-</span> 
     </span>
     <span class='ocr_line' id='line_1_30' title="bbox 169 3546 1211 3614; baseline 0.003 -19"><span class='ocrx_word' id='word_1_199' title='bbox 169 3557 218 3595; x_wconf 85' lang='lat' dir='ltr'>tum</span> <span class='ocrx_word' id='word_1_200' title='bbox 231 3555 296 3594; x_wconf 79' lang='lat' dir='ltr'>erat:</span> <span class='ocrx_word' id='word_1_201' title='bbox 315 3546 380 3601; x_wconf 84' lang='lat' dir='ltr'>lrinc,</span> <span class='ocrx_word' id='word_1_202' title='bbox 391 3565 457 3608; x_wconf 82' lang='lat' dir='ltr'>quom</span> <span class='ocrx_word' id='word_1_203' title='bbox 468 3550 589 3602; x_wconf 80' lang='lat' dir='ltr'>cernimus,</span> <span class='ocrx_word' id='word_1_204' title='bbox 601 3550 667 3595; x_wconf 79' lang='lat' dir='ltr'>erce!</span> <span class='ocrx_word' id='word_1_205' title='bbox 717 3555 765 3597; x_wconf 86' lang='lat' dir='ltr'>tem</span> <span class='ocrx_word' id='word_1_206' title='bbox 782 3548 845 3596; x_wconf 88' lang='lat' dir='ltr'>circa</span> <span class='ocrx_word' id='word_1_207' title='bbox 862 3548 976 3613; x_wconf 77' lang='lat' dir='ltr'>Lapithas</span> <span class='ocrx_word' id='word_1_208' title='bbox 991 3548 1067 3597; x_wconf 79' lang='lat' dir='ltr'>socios</span> <span class='ocrx_word' id='word_1_209' title='bbox 1083 3566 1153 3610; x_wconf 68' lang='lat' dir='ltr'>suos,</span> <span class='ocrx_word' id='word_1_210' title='bbox 1168 3567 1211 3614; x_wconf 90' lang='lat' dir='ltr'>quo</span> 
     </span>
    </p>

    <p class='ocr_par' dir='ltr' id='par_1_6' title="bbox 168 3618 1213 4202">
     <span class='ocr_line' id='line_1_31' title="bbox 201 3618 1213 3686; baseline 0.004 -20"><span class='ocrx_word' id='word_1_211' title='bbox 201 3621 257 3667; x_wconf 76' lang='lat'><strong>522.</strong></span> <span class='ocrx_word' id='word_1_212' title='bbox 271 3618 352 3664; x_wconf 80' lang='lat' dir='ltr'>Eritur</span> <span class='ocrx_word' id='word_1_213' title='bbox 369 3622 394 3665; x_wconf 79' lang='lat' dir='ltr'>in</span> <span class='ocrx_word' id='word_1_214' title='bbox 411 3622 540 3675; x_wconf 67' lang='lat' dir='ltr'>dubiumr,</span> <span class='ocrx_word' id='word_1_215' title='bbox 558 3619 667 3670; x_wconf 83' lang='lat' dir='ltr'>interlec·</span> <span class='ocrx_word' id='word_1_216' title='bbox 718 3621 803 3668; x_wconf 83' lang='lat' dir='ltr'>melius</span> <span class='ocrx_word' id='word_1_217' title='bbox 829 3621 923 3685; x_wconf 85' lang='lat' dir='ltr'>singula</span> <span class='ocrx_word' id='word_1_218' title='bbox 946 3621 1133 3686; x_wconf 82' lang='lat' dir='ltr'>circumspiciat,</span> <span class='ocrx_word' id='word_1_219' title='bbox 1155 3624 1213 3671; x_wconf 82' lang='lat' dir='ltr'>volat</span> 
     </span>
     <span class='ocr_line' id='line_1_32' title="bbox 169 3691 1212 3759; baseline 0.001 -18"><span class='ocrx_word' id='word_1_220' title='bbox 169 3705 219 3741; x_wconf 87' lang='lat' dir='ltr'>tum</span> <span class='ocrx_word' id='word_1_221' title='bbox 231 3707 281 3738; x_wconf 78' lang='lat' dir='ltr'>esse</span> <span class='ocrx_word' id='word_1_222' title='bbox 290 3691 377 3739; x_wconf 78' lang='lat' dir='ltr'>Creusa</span> <span class='ocrx_word' id='word_1_223' title='bbox 388 3691 466 3739; x_wconf 84' lang='lat' dir='ltr'>caetcri</span> <span class='ocrx_word' id='word_1_224' title='bbox 478 3691 581 3740; x_wconf 80' lang='lat' dir='ltr'>trudunt.</span> <span class='ocrx_word' id='word_1_225' title='bbox 599 3693 667 3742; x_wconf 83' lang='lat' dir='ltr'>Alte·</span> <span class='ocrx_word' id='word_1_226' title='bbox 718 3695 764 3740; x_wconf 79' lang='lat' dir='ltr'>leni</span> <span class='ocrx_word' id='word_1_227' title='bbox 786 3696 873 3741; x_wconf 82' lang='lat' dir='ltr'>volatu.</span> <span class='ocrx_word' id='word_1_228' title='bbox 907 3695 1009 3758; x_wconf 81' lang='lat' dir='ltr'>Clongor</span> <span class='ocrx_word' id='word_1_229' title='bbox 1029 3696 1124 3759; x_wconf 86' lang='lat' dir='ltr'>proprie</span> <span class='ocrx_word' id='word_1_230' title='bbox 1146 3711 1212 3744; x_wconf 85' lang='lat' dir='ltr'>sonus</span> 
     </span>
     <span class='ocr_line' id='line_1_33' title="bbox 169 3762 1213 3834; baseline 0.002 -21"><span class='ocrx_word' id='word_1_231' title='bbox 169 3781 222 3813; x_wconf 88' lang='lat' dir='ltr'>rum</span> <span class='ocrx_word' id='word_1_232' title='bbox 241 3762 309 3811; x_wconf 86' lang='lat' dir='ltr'>finxit</span> <span class='ocrx_word' id='word_1_233' title='bbox 329 3764 425 3812; x_wconf 78' lang='lat' dir='ltr'>sortasse</span> <span class='ocrx_word' id='word_1_234' title='bbox 448 3764 548 3813; x_wconf 85' lang='lat' dir='ltr'>Ovidius</span> <span class='ocrx_word' id='word_1_235' title='bbox 567 3767 625 3831; x_wconf 87' lang='lat' dir='ltr'>ipse,</span> <span class='ocrx_word' id='word_1_236' title='bbox 642 3778 669 3816; x_wconf 84' lang='lat' dir='ltr'>ut</span> <span class='ocrx_word' id='word_1_237' title='bbox 718 3766 798 3813; x_wconf 81' lang='lat' dir='ltr'>avium</span> <span class='ocrx_word' id='word_1_238' title='bbox 812 3766 949 3816; x_wconf 82' lang='lat' dir='ltr'>volantium.</span> <span class='ocrx_word' id='word_1_239' title='bbox 984 3768 1067 3814; x_wconf 80' lang='lat' dir='ltr'>Gloria</span> <span class='ocrx_word' id='word_1_240' title='bbox 1087 3773 1171 3834; x_wconf 77' lang='lat' dir='ltr'>gentis,</span> <span class='ocrx_word' id='word_1_241' title='bbox 1189 3776 1213 3817; x_wconf 85' lang='lat' dir='ltr'>ut</span> 
     </span>
     <span class='ocr_line' id='line_1_34' title="bbox 169 3836 1213 3906; baseline 0.003 -20"><span class='ocrx_word' id='word_1_242' title='bbox 169 3838 209 3887; x_wconf 89' lang='lat' dir='ltr'>hic</span> <span class='ocrx_word' id='word_1_243' title='bbox 226 3852 320 3902; x_wconf 90' lang='lat' dir='ltr'>quoque</span> <span class='ocrx_word' id='word_1_244' title='bbox 339 3836 437 3885; x_wconf 80' lang='lat' dir='ltr'>liaberet</span> <span class='ocrx_word' id='word_1_245' title='bbox 454 3839 668 3903; x_wconf 56' lang='lat' dir='ltr'>metamorphosim</span> <span class='ocrx_word' id='word_1_246' title='bbox 718 3839 782 3902; x_wconf 80' lang='lat' dir='ltr'>apud</span> <span class='ocrx_word' id='word_1_247' title='bbox 791 3840 927 3894; x_wconf 88' lang='lat' dir='ltr'>Homerum,</span> <span class='ocrx_word' id='word_1_248' title='bbox 935 3839 998 3904; x_wconf 77' lang='grc' dir='ltr'>μέγα</span> <span class='ocrx_word' id='word_1_249' title='bbox 1009 3839 1082 3899; x_wconf 77' lang='grc' dir='ltr'>κῦδος</span> <span class='ocrx_word' id='word_1_250' title='bbox 1099 3841 1213 3906; x_wconf 74' lang='grc' dir='ltr'>Ἀχαιῶν.</span> 
     </span>
     <span class='ocr_line' id='line_1_35' title="bbox 169 3908 1212 3982; baseline 0.005 -24"><span class='ocrx_word' id='word_1_251' title='bbox 169 3910 250 3976; x_wconf 81' lang='lat' dir='ltr'>itaque</span> <span class='ocrx_word' id='word_1_252' title='bbox 266 3908 343 3958; x_wconf 81' lang='lat' dir='ltr'>verbis</span> <span class='ocrx_word' id='word_1_253' title='bbox 357 3910 438 3958; x_wconf 75' lang='lat' dir='ltr'>Exitus</span> <span class='ocrx_word' id='word_1_254' title='bbox 456 3914 481 3958; x_wconf 81' lang='lat' dir='ltr'>iu</span> <span class='ocrx_word' id='word_1_255' title='bbox 495 3914 563 3959; x_wconf 80' lang='lat' dir='ltr'>dubio</span> <span class='ocrx_word' id='word_1_256' title='bbox 578 3924 609 3959; x_wconf 88' lang='lat' dir='ltr'>ert</span> <span class='ocrx_word' id='word_1_257' title='bbox 626 3929 667 3961; x_wconf 90' lang='lat' dir='ltr'>no·</span> <span class='ocrx_word' id='word_1_258' title='bbox 719 3914 830 3962; x_wconf 85' lang='lat' dir='ltr'>Heinsius</span> <span class='ocrx_word' id='word_1_259' title='bbox 841 3914 908 3962; x_wconf 82' lang='lat' dir='ltr'>malit</span> <span class='ocrx_word' id='word_1_260' title='bbox 919 3915 1013 3977; x_wconf 89' lang='lat' dir='ltr'>legere:</span> <span class='ocrx_word' id='word_1_261' title='bbox 1035 3916 1157 3977; x_wconf 69' lang='lat' dir='ltr'>lapitha</span> <span class='ocrx_word' id='word_1_262' title='bbox 1166 3919 1212 3982; x_wconf 78' lang='lat' dir='ltr'>glo·</span> 
     </span>
     <span class='ocr_line' id='line_1_36' title="bbox 168 3986 1198 4051; baseline 0.004 -17"><span class='ocrx_word' id='word_1_263' title='bbox 168 3986 287 4034; x_wconf 78' lang='lat' dir='ltr'>rationem</span> <span class='ocrx_word' id='word_1_264' title='bbox 314 4000 381 4032; x_wconf 86' lang='lat' dir='ltr'>suum</span> <span class='ocrx_word' id='word_1_265' title='bbox 415 3986 540 4034; x_wconf 67' lang='lat' dir='ltr'>excusi-‚sse</span> <span class='ocrx_word' id='word_1_266' title='bbox 568 3986 667 4035; x_wconf 88' lang='lat' dir='ltr'>videtur.</span> <span class='ocrx_word' id='word_1_267' title='bbox 717 3990 840 4050; x_wconf 80' lang='lat' dir='ltr'>ringentis</span> <span class='ocrx_word' id='word_1_268' title='bbox 853 3988 1198 4051; x_wconf 76' lang='lat' dir='ltr'>lilarimo,ur&#39;rquondum.etc.</span> 
     </span>
     <span class='ocr_line' id='line_1_37' title="bbox 170 4057 1213 4128; baseline -0.001 -20"><span class='ocrx_word' id='word_1_269' title='bbox 170 4057 300 4108; x_wconf 86' lang='lat' dir='ltr'>Commode</span> <span class='ocrx_word' id='word_1_270' title='bbox 320 4057 429 4106; x_wconf 83' lang='lat' dir='ltr'>adhibuit</span> <span class='ocrx_word' id='word_1_271' title='bbox 448 4060 560 4123; x_wconf 86' lang='lat' dir='ltr'>Mopsum</span> <span class='ocrx_word' id='word_1_272' title='bbox 577 4069 666 4108; x_wconf 85' lang='lat' dir='ltr'>vatem.</span> <span class='ocrx_word' id='word_1_273' title='bbox 750 4061 888 4109; x_wconf 77' lang='lat' dir='ltr'>auu-579.</span> <span class='ocrx_word' id='word_1_274' title='bbox 902 4060 949 4109; x_wconf 87' lang='lat' dir='ltr'>Hic</span> <span class='ocrx_word' id='word_1_275' title='bbox 960 4060 1047 4110; x_wconf 81' lang='lat' dir='ltr'>dantur</span> <span class='ocrx_word' id='word_1_276' title='bbox 1057 4062 1213 4128; x_wconf 79' lang='lat' dir='ltr'>appendicula</span> 
     </span>
     <span class='ocr_line' id='line_1_38' title="bbox 171 4131 1213 4202; baseline 0.006 -22"><span class='ocrx_word' id='word_1_277' title='bbox 171 4134 297 4181; x_wconf 72' lang='lat' dir='ltr'>Deci-urum</span> <span class='ocrx_word' id='word_1_278' title='bbox 321 4132 400 4196; x_wconf 82' lang='lat' dir='ltr'>aptius</span> <span class='ocrx_word' id='word_1_279' title='bbox 421 4131 524 4182; x_wconf 81' lang='lat' dir='ltr'>violenta</span> <span class='ocrx_word' id='word_1_280' title='bbox 542 4135 567 4182; x_wconf 89' lang='lat' dir='ltr'>iu</span> <span class='ocrx_word' id='word_1_281' title='bbox 584 4142 666 4192; x_wconf 88' lang='lat' dir='ltr'>morte,</span> <span class='ocrx_word' id='word_1_282' title='bbox 716 4132 747 4182; x_wconf 89' lang='lat' dir='ltr'>de</span> <span class='ocrx_word' id='word_1_283' title='bbox 758 4134 924 4199; x_wconf 77' lang='lat' dir='ltr'>Periclymeno,</span> <span class='ocrx_word' id='word_1_284' title='bbox 935 4136 1043 4185; x_wconf 69' lang='lat' dir='ltr'>Nestoris</span> <span class='ocrx_word' id='word_1_285' title='bbox 1054 4137 1135 4194; x_wconf 78' lang='lat' dir='ltr'>fratrc,</span> <span class='ocrx_word' id='word_1_286' title='bbox 1146 4151 1213 4202; x_wconf 83' lang='lat' dir='ltr'>quem</span> 
     </span>
    </p>
   </div>
   <div class='ocr_carea' id='block_1_5' title="bbox 0 0 1400 5004">
    <p class='ocr_par' dir='ltr' id='par_1_7' title="bbox 0 0 1400 5004">
     <span class='ocr_line' id='line_1_39' title="bbox 0 0 1400 5004; baseline 0 0"><span class='ocrx_word' id='word_1_287' title='bbox 0 0 1400 5004; x_wconf 95' lang='lat' dir='ltr'> </span> 
     </span>
    </p>
   </div>
  </div>
 </body>
</html>
