2774 5004
224 349 695 419 murmouunosuort
718 351 811 418 ΗΒ.
834 348 945 418 XIII.
1041 350 1110 419 mo

53 523 258 600 Oceanum
274 537 315 601 et
330 543 462 612 terras,
479 548 644 623 cumque
661 525 739 598 alto
752 524 879 600 sidera
892 524 989 601 coelo

53 640 324 739 Pleiadasque,
354 638 601 739 Hyadasque,
633 641 915 737 immunemque
945 640 1107 741 aequoris

210 757 368 843 Ammm

55 869 317 969 Diversasque
333 872 459 959 urbes,
478 872 716 971 nitidumque
735 871 886 946 Orionis
905 897 1056 949 ensem:

55 985 248 1074 Postulat,
267 998 310 1061 ut
325 989 463 1088 capiat,
483 1013 569 1086 quae
587 1013 662 1062 non
680 987 867 1084 intelligit,
886 1012 1002 1064 arma.
1033 994 1108 1067 295

55 1101 188 1188 Quid?
214 1104 319 1199 quod
335 1127 408 1191 me,
427 1103 512 1176 duri
528 1103 736 1200 fugientem
754 1128 910 1178 munera
926 1102 1031 1193 belli,

55 1218 197 1315 Argnit
213 1218 378 1317 incoepto
395 1242 521 1292 serum
538 1219 747 1292 accessisse
765 1219 910 1293 labori?

56 1331 143 1407 Nec
161 1357 204 1406 se
221 1335 459 1430 magnanimo
476 1335 702 1409 maledicere
719 1334 834 1409 sentit
850 1334 1015 1409 Achilli?

60 1448 102 1521 Si
117 1448 322 1523 simulasse
337 1459 449 1522 vocat
465 1448 619 1537 crimen,
639 1451 894 1524 simulavimus
909 1451 1042 1525 ambo:

60 1564 101 1637 Si
120 1587 227 1637 mora
243 1588 311 1662 pro
328 1567 441 1663 culpa
458 1576 530 1652 est,
545 1590 616 1661 ego
634 1590 718 1639 sum
737 1566 915 1640 maturior
932 1567 1009 1640 illo.
1036 1570 1112 1640 300

59 1679 128 1755 Me
145 1678 215 1779 pia·
227 1681 389 1754 detinuit
405 1684 566 1778 coujux3
597 1681 659 1779 pia
677 1692 795 1756 mater
813 1681 1023 1756 Achillem:

59 1793 266 1893 Primaque
284 1808 374 1870 sunt
389 1796 463 1869 illis
481 1797 570 1869 data
584 1807 774 1893 tempora;
803 1807 942 1870 crotera
958 1795 1078 1875 vobis.

62 1906 177 1983 Haud
195 1911 323 1998 timeo,
338 1911 369 1983 si
385 1912 465 2007 Jam
483 1934 632 2008 nequeo
650 1911 851 1985 defendere
869 1912 1012 1986 crimen

61 2024 164 2097 Cum
181 2034 287 2098 tanto
304 2048 501 2099 commune
519 2026 617 2099 viro:
647 2026 856 2124 deprensus
876 2027 1003 2100 Ulixis

61 2139 222 2236 Ingenio
239 2150 366 2214 tamen
384 2141 468 2221 ille:
499 2154 539 2212 at
556 2163 629 2211 uon
648 2139 789 2237 AJacis,
811 2140 959 2216 Ulixes.
1035 2146 1109 2216 305

60 2254 98 2328 N
100 2278 171 2329 eve
187 2255 227 2328 in
245 2280 305 2330 me
321 2257 468 2330 stolidae
486 2255 653 2329 convicia
671 2255 826 2331 fundere
845 2257 983 2353 linguae

58 2370 304 2445 Admiremur
319 2397 428 2462 eum;
456 2370 562 2446 vobis
580 2395 734 2469 quoque
752 2371 867 2466 digna
883 2373 1028 2467 pudore

63 2486 233 2584 Objicit:
262 2511 311 2561 an
328 2486 422 2560 falso
440 2486 671 2561 Palameden
688 2485 844 2559 crimine
861 2496 971 2582 turpe

62 2601 283 2676 Accusdsse
301 2602 404 2691 mihi,
423 2602 529 2676 vobis
546 2602 749 2676 damnasse
766 2601 944 2674 decorum
961 2599 1044 2673 est?

63 2717 144 2792 Sed
160 2742 285 2816 neque
304 2717 538 2817 Naupliades
556 2717 702 2791 facinus
720 2715 922 2790 defendere
943 2725 1102 2802 tantum,

61 2833 236 2931 Tamque
250 2845 397 2933 patens,
408 2833 542 2908 valuit:
563 2858 632 2908 nec
646 2857 712 2906 vos
728 2831 885 2906 audistis
899 2831 937 2903 in
950 2830 1014 2903 illo
1039 2834 1111 2903 311

63 2948 255 3025 Crimina:
283 2949 442 3038 vidistis,
459 2949 655 3048 pretioque
673 2948 827 3045 objecta
843 2945 1038 3044 patebant.

65 3063 151 3138 Nec
168 3063 416 3139 Poeantiaden
434 3064 537 3163 quod
556 3064 671 3138 habet
688 3061 872 3135 Vulcania
889 3059 1064 3146 Lemnos,

64 3179 166 3255 Esse
183 3206 269 3256 reus
288 3181 427 3256 merui:
456 3180 598 3255 factum
617 3178 807 3254 defendite
824 3186 1004 3262 vestrum,

96 3365 155 3414 296.
173 3365 254 3418 Quid?
269 3367 449 3430 ortamota]
476 3362 569 3428 Insigni
618 3365 659 3429 pio
686 3361 763 3409 officio
790 3360 923 3423 fungentes,
946 3358 1119 3408 cunctnbsmnr

63 3436 199 3487 calliditate
215 3454 242 3488 ss
256 3439 318 3504 tegit
333 3439 443 3504 exemplo
457 3436 568 3493 Achillis,
618 3435 700 3502 primis
712 3432 859 3500 temporibus
867 3451 876 3493 ;
893 3440 946 3499 post
956 3442 1038 3482 tumen
1049 3433 1118 3482 Gre-

63 3519 90 3560 st
98 3526 154 3560 mox
167 3513 306 3576 gravissunt
316 3513 437 3562 criminas
447 3528 473 3561 sa
484 3510 568 3560 amoli-
618 3526 700 3560 corum
708 3524 786 3558 cansa
797 3507 950 3557 accusirnns.

64 3594 105 3635 tur
118 3585 257 3652 inrequuos
266 3588 349 3637 duces.
382 3588 485 3636 Munera
500 3587 568 3643 tolli5
651 3584 708 3633 306.
725 3585 813 3632 Stolidus
823 3585 913 3648 lingva,
925 3590 952 3631 ut
962 3581 1020 3631 ulibi
1029 3585 1119 3640 warh,

66 3658 168 3724 quidm
186 3663 225 3724 (at
239 3659 315 3710 codex
330 3661 423 3725 Regius
439 3661 474 3719 B)
489 3662 569 3707 mutatu
619 3662 693 3715 docto,
712 3669 759 3707 etc.
794 3657 901 3706 Fundere
921 3659 988 3706 mlo
1009 3657 1121 3706 convenit

63 3735 128 3782 lolli.
162 3733 264 3783 Mum
283 3736 345 3791 lulli,
361 3733 441 3784 omnia
458 3748 516 3797 qua
538 3731 569 3780 ad
619 3733 687 3789 irato,
698 3732 780 3781 utsii.
793 3733 850 3781 409.
883 3730 1119 3788 Λάωὲτιπιιιν,ωὶιε-

62 3807 158 3856 bellum
178 3808 306 3872 portinent,
324 3808 414 3858 bellum
435 3806 523 3872 ipsum,
539 3821 569 3853 ex
620 3823 681 3856 mur.

63 3879 200 3929 imitatione
216 3881 329 3940 Lucretii,
346 3881 411 3947 spud
427 3895 499 3945 quem
515 3897 569 3928 ma·
651 3883 708 3931 303.
734 3880 881 3938 Palameden
904 3879 936 3928 dc
954 3894 983 3927 eo
998 3877 1053 3926 vide
1071 3893 1120 3925 ver.

64 3955 404 4006 mathemucorum
415 3968 570 4003 mennam.
619 3956 661 4002 60.
696 3954 787 4008 lullo»,
801 3952 872 4002 illius.
906 3955 1008 4014 Olp'ecto,
1020 3949 1119 3997 crimin

65 4029 111 4078 ³³.
135 4027 310 4085 [ambella
619 4025 754 4092 eiobJectu.
762 4029 844 4088 pretim
854 4042 911 4075 auro
921 4026 946 4073 in
958 4024 1009 4088 ejus
1018 4022 1121 4069 tentorio

98 4101 159 4151 300.
187 4102 313 4161 Maturius,
331 4100 447 4151 maturius
468 4099 570 4149 tremi.
620 4109 721 4165 reperto,
731 4101 848 4160 paratust.

65 4175 123 4226 Illis
138 4177 204 4234 dats,
219 4176 329 4244 conjugis
345 4186 370 4227 et
386 4173 469 4225 matris
484 4187 568 4230 rann.
653 4173 713 4223 314.
731 4172 844 4230 Furtum
867 4177 922 4219 sote
940 4164 1065 4217 lleinsium
1084 4165 1120 4215 le-
