2774 5004
301 328 368 405 ΜΘ
535 337 575 402 Ρ.
598 334 762 403 ovum
786 334 1011 414 NASONIS,
1033 336 1125 404 ΕΙῸ

306 509 436 608 thue
454 507 559 594 mihi,
579 530 818 606 quaecunque
835 508 966 598 feram,
985 509 1162 585 mortuiis
1177 510 1331 595 demant,
1383 518 1385 589 i

304 624 515 711 Oceanum,
533 623 764 722 Tethynque
782 636 933 722 rogant:
954 648 1027 722 ego
1040 627 1182 700 lustror
1196 627 1245 700 nb
1262 626 1336 714 illis;
1383 606 1385 673 3

303 739 355 815 Et
368 750 555 839 purgante
573 739 679 814 nesus
697 739 828 815 novies
847 741 937 815 mihi
955 741 1122 816 carmine
1140 741 1246 815 dicto

304 855 467 932 Pectora
482 856 701 931 fluminibus
714 858 853 954 jubeor
869 882 1083 957 supponere
1101 867 1271 932 centum.

304 971 388 1046 Nec
406 995 530 1062 morn3
559 971 716 1046 diversis
734 972 831 1070 lapsi
848 975 898 1047 de
916 972 1087 1071 partibus
1105 996 1255 1059 amnes,
1280 974 1337 1046 954

300 1086 476 1185 Totaque
493 1098 687 1162 vertuntur
704 1111 818 1186 supra
834 1098 951 1186 caput
968 1111 1124 1185 aeqnoru
1142 1103 1316 1162 nostrum.

304 1202 502 1278 Hactenus
520 1213 606 1278 scta
618 1202 688 1277 tibi
707 1229 864 1302 possum
882 1203 1128 1278 memoranda
1146 1203 1302 1291 referre3

301 1316 500 1394 Hactenus
512 1330 551 1393 et
565 1320 719 1394 memini
732 1347 741 1409 ;
763 1344 833 1395 nec
847 1345 955 1395 mens
970 1343 1055 1394 mea
1070 1332 1215 1394 caetera
1227 1317 1339 1394 sensit.

302 1433 401 1519 Quoe
418 1444 620 1534 postquam
638 1435 762 1522 rediit,
781 1437 898 1510 elium
914 1459 976 1509 me
992 1458 1154 1534 corpore
1170 1446 1266 1521 toto,

303 1551 362 1625 Ac
375 1550 518 1626 fueram
537 1575 668 1650 nuper,
688 1577 759 1626 nec
778 1554 942 1634 eundern
959 1562 1099 1639 mente,
1119 1550 1266 1647 recepi.
1286 1550 1342 1623 959

305 1663 416 1740 Hanc
434 1691 505 1763 ego
523 1677 604 1740 turn
621 1667 781 1765 primum
799 1666 957 1740 viridem
977 1666 1169 1762 ferrugine
1188 1665 1343 1749 barben,

305 1782 587 1879 Coesnriemqne
598 1806 733 1869 meam,
742 1805 858 1880 qnam
868 1783 981 1880 longe
993 1805 1061 1880 per
1074 1804 1234 1879 aeqnora
1242 1803 1344 1866 verro,

306 1896 563 1994 Ingentesque
581 1898 768 1985 humeros,
787 1910 827 1973 et
839 1899 976 1972 caernls
991 1895 1150 1971 brachia
1165 1896 1259 1981 vidi,

307 2011 505 2109 Crurnqne
520 2012 717 2110 pinnigero
735 2026 889 2091 curvate
905 2015 1108 2089 novissime
1124 2013 1250 2112 pisce.

307 2125 409 2211 Quid
418 2136 544 2200 tamen
556 2127 636 2201 haec
643 2130 803 2226 species,
812 2130 904 2229 quid
911 2130 980 2203 Dis
990 2128 1182 2227 placuisse
1192 2126 1345 2213 marinis,

302 2241 407 2327 Quid
419 2244 527 2340 juvat
539 2267 623 2318 esse
638 2245 775 2333 Deum,
787 2247 819 2320 si
833 2258 874 2322 tn
888 2271 963 2320 non
976 2244 1144 2342 tangeris
1160 2245 1268 2319 istis?
1284 2246 1343 2318 965

357 2356 464 2433 Talia
480 2359 682 2447 dicentem,
701 2362 891 2436 dicturum
910 2362 1029 2461 plura,
1048 2360 1204 2458 reliquit

308 2474 438 2573 Scylla
456 2475 601 2551 Deum:
626 2477 716 2552 surit
733 2478 809 2564 ille,
830 2477 1072 2575 inritatusque
1089 2476 1260 2574 repulse,

300 2588 531 2688 Prodigiosa
547 2593 644 2690 petit
659 2591 855 2668 Titanidos
873 2594 967 2667 atria
986 2592 1130 2666 Circes.

339 2765 396 2814 946.
414 2764 517 2812 Alterius
532 2773 631 2821 nature,
643 2762 741 2814 ulterius
756 2765 805 2814 ele·
889 2766 946 2814 960.
965 2762 1207 2828 Viridemsmugine,
1219 2762 1350 2811 ceruleum:

307 2837 390 2894 nenti,
405 2852 483 2901 nque.
517 2839 662 2888 Laecania
679 2839 807 2903 Argatn·
849 2839 952 2904 fmugo
962 2847 999 2887 est
1007 2838 1061 2886 ferri
1071 2836 1138 2902 politi
1150 2835 1350 2885 etelentocslnr

308 2923 377 2960 sotus
393 2921 503 2959 menites
518 2914 566 2960 alto
580 2916 765 2975 uprecipituoie
781 2917 807 2962 in
857 2913 982 2977 temperati
999 2910 1071 2961 color.
1103 2909 1169 2958 Hinc
1186 2910 1254 2960 Non.
1272 2911 1317 2957 xvi.
1332 2908 1351 2954 7.

306 2987 409 3050 pelagus·
860 2988 916 3035 Vere
927 2986 1082 3051 ferrugineus
1103 2985 1166 3031 color
1187 2985 1300 3032 ces-rm
1317 2992 1351 3030 es.

338 3060 397 3107 947.
416 3058 513 3107 &aare
533 3061 579 3108 loco
598 3076 639 3125 pro
657 3062 699 3109 din
717 3059 807 3123 recepit
860 3060 962 3115 umero.
983 3068 1010 3107 nt
1035 3057 1170 3114 αἰθὺσσειν,
1195 3058 1229 3107 de
1256 3058 1353 3107 fluitent

308 3131 420 3181 Heinsius
435 3148 465 3181 ex
482 3149 537 3181 nuo.
571 3133 643 3197 Regii
657 3134 753 3183 codices
763 3133 806 3180 ha·
856 3143 923 3183 motu
934 3132 1089 3199 cepiilornm;
1106 3131 1300 3191 Cisudinnus,x.
1309 3134 1353 3180 146.

306 3208 364 3256 beot
375 3210 432 3265 din,·
450 3216 475 3256 et
485 3209 546 3256 bene
560 3216 611 3256 est:
630 3223 677 3257 uon
691 3207 756 3272 potui
770 3224 806 3256 re·
856 3206 887 3255 de
904 3207 1009 3262 Tritone,
1028 3208 1108 3254 sodon
1128 3208 1254 3254 υιπώαιιι
1271 3207 1353 3255 omens

306 3281 389 3330 sistere
410 3280 493 3337 emori,
517 3290 541 3330 et
565 3281 691 3348 cupiditati
713 3280 809 3330 citerius
855 3283 937 3329 crines.
964 3279 1059 3345 Proprie
1069 3281 1171 3328 centies
1181 3283 1257 3328 serris
1266 3296 1354 3343 equora,

307 3363 407 3403 nntnne.
442 3355 476 3403 Ut
497 3355 621 3411 Hercules,
639 3357 672 3404 ix.
689 3356 738 3403 292
754 3371 808 3419 sqq.
856 3355 907 3403 sed.
918 3356 942 3403 h.
953 3355 970 3403 1.
985 3369 1139 3417 quosnam,
1151 3355 1272 3404 verrendo
1289 3353 1355 3410 uino,

307 3426 415 3483 flammis,
427 3427 461 3475 sic
473 3429 581 3477 Glaucus
597 3428 735 3478 lustratione
746 3443 807 3476 rnor-
855 3445 1011 3492 perepuom
1030 3426 1216 3477 cnuieredver.
1230 3431 1289 3479 ⁴92
1319 3427 1355 3475 Is·

308 3499 424 3548 telitstem
439 3503 515 3549 exuit.
549 3503 636 3551 Nescio
652 3519 682 3551 en
696 3506 807 3564 pertidia,
855 3504 1066 3568 gestetinmrist
1077 3500 1126 3549 xiv.
1138 3502 1166 3549 9.
1176 3517 1354 3568 nepam,

307 3586 349 3619 ver
363 3573 419 3621 954.
431 3573 501 3622 trium
518 3575 587 3623 MSS.
599 3575 737 3623 auctoritate
754 3577 807 3639 jure
858 3575 972 3640 quiajam
979 3575 1048 3624 Dens
1057 3574 1150 3633 fectum
1161 3575 1237 3639 paulo
1248 3584 1305 3625 ente
1313 3590 1357 3624 rer.

307 3653 425 3694 mutatum
443 3646 473 3694 sit
490 3649 520 3696 nb
537 3648 634 3697 Heinsio
651 3648 675 3696 in
686 3650 808 3713 fontibus:
857 3651 915 3698 895.
927 3650 985 3698 Acis
996 3653 1070 3711 mpor
1080 3648 1168 3697 iectus

306 3730 383 3782 parces
400 3735 463 3768 nnuc
479 3731 534 3769 sunt
549 3722 605 3770 coeli
619 3724 734 3786 regiones,
746 3733 772 3772 nt
783 3725 808 3775 ii.
889 3726 948 3773 969.
967 3724 1101 3789 Prodigiosa
1118 3726 1198 3781 αἰτίας
1215 3723 1283 3773 ades
1297 3738 1356 3771 mnn-

310 3795 372 3853 lno;
389 3794 422 3842 xi.
434 3796 492 3844 499.
642 3826 646 3833 ·
857 3807 956 3847 suorum
971 3799 1063 3864 plenu.
1097 3797 1218 3846 insanium
1237 3799 1322 3854 Circes,
1333 3796 1356 3844 fi·

338 3869 395 3918 956.
420 3868 659 3935 Hactenus-mnis]
689 3873 740 3921 Hos
760 3873 808 3923 duo
858 3873 896 3921 lie
907 3871 1168 3937 Solinqniei‘rtennm
1180 3872 1275 3921 familie
1284 3881 1309 3922 et
1317 3886 1356 3920 un·

308 3956 400 3998 venus,
418 3951 446 3991 ut
462 3942 532 3992 vnlde
549 3943 645 4008 frigidos
662 3954 687 3994 et
702 3947 805 4011 jejunos,
858 3955 994 3995 meroernt.
1028 3947 1128 3995 Veteres
1139 3947 1243 4009 magice
1253 3947 1357 4011 utispe·

306 4015 424 4066 tollendos
456 4033 507 4066 esse
538 4020 649 4083 opinetur
681 4021 804 4070 Heinsius.
854 4022 911 4069 ritus
921 4037 1004 4069 ornnes
1014 4021 1075 4069 Solis
1085 4018 1290 4082 diiudicentur,
1306 4019 1356 4067 hinc

306 4090 386 4138 Alium
400 4109 436 4142 me
450 4094 523 4154 recepi
537 4092 632 4158 egregie
648 4093 679 4143 de
695 4094 804 4144 transfor·
854 4102 879 4142 et
889 4095 958 4143 Circe
972 4094 1029 4144 ulis
1038 4093 1142 4158 fingitur,
1151 4094 1245 4143 Mede&
1261 4102 1287 4144 et
1299 4092 1357 4144 elie.

304 4170 378 4212 meto.
392 4165 397 4175 ¹
855 4169 894 4218 De
906 4171 972 4219 Circe
986 4168 1043 4219 vide
1054 4169 1123 4235 plnrn
1132 4166 1164 4217 ed
1175 4169 1225 4220 xiv.
1240 4170 1281 4221 10.
