2774 5004
352 343 821 413 HETAHORPHOSEON
845 345 936 413 LIB.
959 346 1030 412 XI.
1148 348 1215 416 w

162 517 329 593 Consilii
346 529 473 594 tamen
490 528 578 593 ante
596 519 666 606 sui,
684 517 878 606 fidissima,
897 531 1039 595 certam
1138 525 1213 596 415

162 635 221 710 'l'e
238 635 344 722 facit,
364 633 584 735 Halcyone:
612 635 673 707 cui
690 635 861 733 protinus
878 634 1010 710 intima
1025 636 1143 734 frigus

164 750 271 825 Ossa
286 760 523 849 receperunt,
541 751 721 846 buxoque
740 749 951 823 simillimus
968 775 1033 825 ora
1169 828 1175 843 Ι

164 863 298 940 Pallor
315 866 407 952 obit,
419 865 660 961 lacrimisque
678 888 783 961 genae
801 865 978 938 maduere
996 866 1171 963 profusis.

164 977 242 1053 Ter
259 991 395 1053 conata
411 981 529 1076 loqui,
548 991 606 1054 ter
622 979 774 1053 fletibus
792 1004 858 1052 ora
875 981 1028 1075 rigavit;

166 1093 424 1192 singultuque
441 1097 523 1192 pias
542 1094 836 1191 interrumpente
853 1096 1040 1191 querelas,
1140 1101 1216 1172 420

166 1217 191 1247 ‘⁶
207 1208 307 1292 Quae
317 1209 792 1308 meacnlpatum,”dixit,
803 1209 1215 1298 “carissime,mentem

165 1323 319 1398 Vertit?
337 1326 401 1398 ubi
416 1335 487 1410 est,
504 1350 588 1423 quae
606 1350 697 1399 cura
713 1326 787 1399 mei
805 1326 907 1423 prius
926 1349 1010 1398 esse
1028 1327 1198 1400 solebat?

165 1438 257 1513 Jam
271 1450 380 1538 potes
399 1439 599 1539 Halcyone
616 1466 770 1516 securus
788 1442 922 1515 abesse
939 1440 1089 1527 relicta;

165 1553 257 1627 Jarn
272 1554 333 1627 via
349 1555 462 1651 longa
479 1558 625 1654 placet3
641 1559 722 1653 jam
740 1579 824 1629 sum
841 1555 909 1628 tibi
927 1555 1046 1629 carior
1063 1555 1212 1629 absens.

167 1668 223 1741 At
235 1679 327 1768 puto
340 1693 407 1766 per
417 1681 536 1743 terras
554 1671 624 1743 iter
637 1682 707 1757 est,
720 1682 945 1766 tantumque
954 1670 1111 1757 dolebo;
1139 1673 1215 1745 425

168 1782 207 1857 N
209 1807 260 1856 on
278 1784 392 1857 etiam
409 1798 596 1872 metuam3
625 1809 802 1882 curaeque
820 1786 953 1858 timore
970 1786 1164 1860 carebunt.

169 1898 341 1997 AEquora
358 1924 418 1975 me
436 1912 589 1987 terrent,
608 1913 648 1974 et
665 1902 770 1998 ponti
788 1901 904 1974 tristis
923 1900 1067 1997 imago:

169 2013 224 2087 Et
240 2014 383 2088 laceras
401 2040 521 2114 nuper
537 2016 684 2088 tabulas
700 2016 738 2087 in
752 2017 859 2090 litore
874 2015 971 2103 vidi;

170 2128 225 2202 Et
240 2153 343 2229 saepe
361 2131 399 2203 in
416 2131 569 2204 tumulis
587 2130 667 2204 sine
685 2154 840 2229 corpore
858 2131 1011 2204 nomina
1027 2131 1114 2228 legi.

201 2335 260 2384 416.
268 2335 396 2399 Halcyone,
404 2335 469 2385 ΕΔΗ
480 2344 505 2384 et
513 2335 620 2400 AEgialee
628 2345 670 2384 aut
719 2336 786 2385 liebri
803 2335 827 2384 in
845 2337 926 2402 primis
942 2337 1021 2386 animo
1035 2338 1153 2388 convenit.
1186 2339 1216 2388 ln

169 2407 288 2458 Emretes
297 2409 362 2468 lilia3
375 2407 494 2474 Hyginus,
505 2409 670 2473 Apollodorus.
721 2411 801 2458 loceris
825 2412 909 2458 tabule
935 2425 982 2457 non
1002 2409 1104 2458 debebat
1127 2411 1221 2465 harere!

170 2481 206 2530 Ee
219 2481 272 2547 iam
287 2491 312 2531 et
324 2482 398 2539 dolet,
409 2491 434 2531 et
448 2483 542 2540 metuit,
555 2491 579 2531 et
593 2483 669 2532 deter·
720 2483 824 2538 Suillius,
840 2485 881 2547 qui
895 2483 972 2538 vertit,
986 2485 1024 2530 die
1038 2485 1216 2546 verjlitmmelterr

169 2562 217 2602 ret.
260 2555 327 2604 Briso
346 2557 483 2604 simillimus.
508 2556 566 2605 vid.
584 2556 615 2604 ad
636 2556 669 2604 ir.
721 2559 857 2606 Gemaelrlds
875 2574 918 2604 oon
945 2555 1123 2619 Sclu'ffbr'rlchen.
1156 2558 1217 2615 Quis

172 2629 229 2677 134.
276 2630 358 2678 Pallor
376 2631 440 2688 obit;
467 2638 576 2694 occupat,
597 2638 625 2679 nt
651 2629 670 2678 i.
720 2630 782 2677 enim
794 2644 840 2676 non
850 2628 924 2684 videt,
935 2643 986 2676 esse
999 2628 1084 2677 tractas
1100 2629 1167 2677 navis
1176 2638 1214 2679 te·

169 2703 247 2753 532..
720 2701 789 2750 bulas
802 2711 827 2748 et
840 2703 864 2749 in
882 2702 938 2749 litus
954 2702 1061 2765 ejectasl
1079 2701 1217 2766 Naufragio,

205 2777 263 2824 ⁴21.
275 2776 332 2830 Qua
342 2793 389 2826 meo
400 2777 545 2840 culpano]
559 2777 670 2826 Dolorem
719 2776 860 2839 omninoque
875 2774 981 2829 mortuis,
999 2790 1099 2838 quorum
1119 2790 1216 2840 corpora

168 2849 390 2914 exprobrationibus
403 2859 427 2898 et
443 2848 615 2915 suspicionibus
629 2849 670 2898 de·
720 2847 815 2912 reperiri
835 2863 881 2895 nou
900 2857 1016 2912 poterant,
1036 2849 1120 2895 tumuli
1135 2847 1217 2898 inanes

169 2923 257 2979 claret,
270 2923 390 2972 verissime
405 2923 527 2988 quideme
545 2932 628 2972 natura
644 2938 671 2972 a·
720 2920 797 2968 extrui
816 2921 937 2969 solebant:
954 2920 1009 2969 vide
1019 2921 1051 2969 ri.
1061 2923 1118 2970 568.
1150 2922 1215 2970 Pre-

169 2995 298 3045 msntium.
334 2997 416 3045 Vertit.
429 2997 670 3054 mutavitebalieus·
721 2993 765 3041 lert
786 2993 898 3041 Heinsius
919 3009 948 3041 ex
969 2994 1044 3059 primo
1062 2993 1173 3043 Mediceo
1190 3000 1216 3044 in

170 3069 207 3117 rit
222 3085 238 3117 e
256 3085 302 3118 me.
335 3070 447 3119 Heinsius
461 3087 530 3119 suum
545 3071 588 3119 Eia
602 3070 671 3133 (vide
721 3069 803 3115 ritulis.
835 3068 985 3128 Sineceusa3
1000 3068 1217 3117 tumulibabebant

171 3143 248 3191 adri.
258 3143 328 3206 640.)
339 3143 378 3193 bic
388 3160 484 3209 quoque
497 3144 597 3193 inserere
609 3145 672 3192 role·
721 3144 810 3199 titulos,
826 3158 881 3207 ergo
897 3143 970 3191 etiam
989 3147 1089 3190 nomina.
1123 3143 1217 3192 Laudat

169 3217 229 3264 bat:
242 3233 316 3281 quum
327 3217 427 3267 inversu
436 3217 552 3282 superiore
563 3233 604 3282 pro
613 3221 671 3266 dixit
721 3218 870 3265 Burmannus
892 3232 905 3264 e
927 3215 1029 3273 Quintil.
1051 3217 1111 3265 lust.
1120 3251 1122 3254 -
1130 3217 1172 3266 vii.
1191 3221 1216 3267 a.

170 3291 324 3340 florentinus
340 3292 437 3340 baberet
453 3294 531 3346 vertit,
550 3291 593 3340 hoc
612 3291 672 3340 reci-
723 3291 809 3337 Nomen
831 3290 926 3343 tumulo,
947 3305 1010 3350 quem
1028 3289 1065 3353 (in
1082 3289 1163 3348 litore)
1179 3309 1215 3341 ee·

170 3363 287 3429 piendum
298 3366 399 3430 putabat
415 3374 440 3413 et
449 3365 535 3413 deinde
544 3364 671 3428 legendnm
721 3372 849 3418 traxerant,
867 3365 1040 3424 inscripserunt.
1067 3363 1114 3412 Sed
1131 3364 1218 3415 Noster

173 3437 222 3484 Eia
232 3439 271 3484 ubi
275 3442 391 3502 jamque,
401 3446 448 3487 etc.
477 3439 540 3486 Caro
551 3447 587 3486 est
599 3454 671 3488 amor.
720 3451 814 3501 quoque
834 3436 943 3501 exempla
966 3436 1103 3502 suppeditat
1123 3438 1218 3488 similia.

171 3511 281 3567 Secum,
296 3512 347 3561 sine
363 3527 428 3568 cura,
444 3510 501 3575 quid
520 3511 561 3559 fist
581 3511 670 3560 relicta)
720 3511 779 3559 Mor
797 3527 845 3559 ver.
867 3511 928 3558 706:
956 3511 986 3560 ln
1004 3513 1217 3578 sepulcro—junget

170 3582 280 3648 conjugi.
722 3600 759 3631 nos
774 3586 859 3641 litero,·
877 3583 920 3632 xii.
936 3586 959 3632 2.
976 3586 1064 3632 tumulo
1078 3602 1163 3648 quoque
1176 3604 1216 3634 no·

206 3656 265 3705 425.
284 3657 316 3705 Ar
334 3666 404 3718 putor
428 3657 484 3706 ride
510 3657 541 3705 ad
565 3656 592 3706 ii.
614 3657 670 3705 ⁵66.
720 3673 771 3705 men
786 3659 886 3706 babenti.
918 3656 1029 3714 Accedit,
1045 3657 1109 3722 quod
1123 3658 1218 3707 additur

172 3729 251 3785 Cere.
271 3729 421 3780 desiderium.
454 3732 541 3796 imago,
558 3730 671 3795 cogitatio
720 3733 768 3777 sine
787 3748 885 3793 corpore.
929 3731 1042 3782 Heinsius
1057 3731 1125 3779 malit
1145 3732 1217 3779 etiem

171 3802 249 3868 ponti,
266 3818 338 3867 quern
359 3803 416 3852 mibi
434 3813 489 3852 ante
505 3804 586 3852 oculos
601 3820 669 3868 pono,
719 3806 767 3851 sine
787 3807 876 3852 nomine
891 3821 993 3865 corporo,
1012 3811 1039 3852 nt
1056 3803 1218 3866 intelligantur

171 3874 198 3924 in
215 3890 264 3941 qno
280 3891 352 3941 sape,
362 3877 435 3925 etism
451 3891 536 3942 nuper,
549 3876 672 3940 naufragia
721 3879 828 3941 naufragi
842 3887 894 3943 post
908 3878 932 3926 in
950 3878 1007 3927 litus
1020 3878 1089 3942 ejecti
1103 3887 1128 3924 ct
1141 3878 1166 3925 in
1181 3876 1216 3940 ig-

171 3947 240 3998 tecta
253 3949 361 4013 cognovi.
393 3950 499 4006 Tacitus,
515 3951 576 4000 llist.
587 3951 618 3998 iv.
629 3953 671 3999 58.
721 3961 778 3999 nota
792 3967 834 4000 ora
848 3960 915 4000 terra
934 3951 1048 4000 mandati.
1079 3948 1127 3997 Sed
1143 3950 1218 3997 recla-

173 4022 262 4071 Hcrret
275 4025 365 4072 animm
380 4028 441 4073 tenti
448 4026 541 4090 flagitii
556 4028 671 4090 lmogiar,·
721 4033 787 4073 mant
797 4041 878 4073 ornnes
887 4024 948 4073 Cod.
958 4034 982 4073 et
992 4024 1076 4071 durum
1088 4020 1155 4076 soret,
1165 4037 1216 4068 eor·

173 4095 299 4161 virgilius,
310 4098 368 4146 AEn.
376 4097 409 4146 ir.
420 4099 476 4148 ⁴0⁶.
485 4102 577 4161 pietatis
590 4102 672 4164 imago.
721 4113 777 4159 pora
800 4099 853 4161 legi.
885 4097 950 4145 Illud
970 4106 1049 4145 autem
1071 4108 1113 4140 nos
1132 4093 1218 4142 morari

172 4168 213 4217 Ita
223 4179 248 4218 et
255 4184 328 4235 snpra
339 4169 387 4219 viii.
397 4171 454 4220 toa.
479 4171 562 4220 Metus
571 4170 611 4219 bic
621 4186 672 4220 mu·
723 4187 769 4219 non
781 4171 860 4228 debet,
869 4170 935 4235 qnod
944 4169 995 4220 istis
1006 4165 1149 4232 temporibus
1159 4181 1218 4216 noa·
