2774 5004
353 334 826 407 marauourflosuou
850 334 941 404 utu.
958 336 1030 405 lx.
1149 340 1216 411 ut

163 517 222 591 Ut
233 510 330 589 nihil
344 510 534 613 adjiciam,
546 538 623 588 oon
631 532 787 613 possum
798 513 952 588 innoxia
961 513 1049 590 dici.
1066 516 1215 612 [vum.''

161 633 277 717 Quod
290 624 475 730 superest,
488 631 649 705 multum
663 641 724 704 est
737 631 888 718 inrota3
910 629 948 703 in
962 631 1213 732 criminapart'

162 749 296 838 Dixit3
326 760 378 836 et,
398 749 551 822 incertae
568 758 676 822 tanta
692 758 751 821 est
767 746 956 820 discordia
974 748 1127 821 mentis!
1208 752 1211 759 '

162 863 292 949 Quum
311 864 440 963 pigeat
455 866 640 950 tentasse,
653 863 746 936 libet
763 873 929 950 tentare;
959 864 1190 962 modumque
1212 859 1218 863 ’

163 979 270 1067 Exit,
289 992 330 1054 et
346 979 478 1053 infelix
496 978 699 1053 committit
715 1001 818 1075 saepe
836 977 979 1074 repelli.
1141 984 1212 1061 631

163 1095 262 1169 Mox
278 1095 343 1170 ubi
360 1094 445 1168 finis
464 1096 585 1180 abest,
603 1093 765 1191 patriam
782 1090 879 1187 fugit
896 1091 971 1177 ille,
991 1091 1194 1191 nefasque:
1214 1113 1216 1116 ‘

163 1211 290 1310 Inque
309 1211 508 1309 peregrina
523 1210 632 1308 ponit
648 1222 746 1282 nova
762 1207 900 1281 moenia
917 1219 1028 1282 terra.
1215 1203 1220 1211 ’

164 1328 264 1401 Tum
284 1351 370 1401 vero
388 1339 563 1401 moestam
581 1336 661 1399 tota
679 1323 856 1398 Miletida
871 1337 999 1399 niente

167 1443 367 1517 Desecisse
384 1443 530 1517 serunt:
551 1453 632 1516 tum
648 1464 737 1514 vero
755 1464 779 1513 a
794 1450 948 1538 pectore
965 1437 1110 1519 vestem
1139 1447 1214 1518 635

167 1557 358 1654 Deripuit,
377 1557 603 1655 planxitque
621 1550 709 1629 suos
727 1553 930 1628 furibunda
946 1555 1128 1630 lacertos:
1205 1584 1215 1617 ε.

166 1672 189 1746 J
194 1695 332 1769 amque
344 1675 469 1771 palam
481 1682 541 1746 est
551 1673 720 1758 demens,
730 1671 1067 1769 inconcessamque
1077 1671 1216 1747 fatetur

169 1788 639 1887 SpemVeneris,sinequa
649 1787 1047 1885 patriam,invisosque
1058 1797 1217 1886 penates

166 1903 335 1990 Deserit,
353 1913 394 1978 et
410 1903 558 2002 profugi
576 1903 747 2000 sequitur
758 1902 918 1997 vestigia
934 1902 1071 1979 fratris.
1176 1954 1181 1963 ·

170 2020 303 2118 thue
316 2030 381 2093 tuo
399 2031 525 2106 motae,
545 2020 669 2118 proles
690 2019 888 2105 Semeleia,
908 2019 1050 2117 thyrso
1115 2096 1117 2100 ,
1141 2023 1216 2095 640

167 2135 338 2210 Ismariae
356 2135 549 2221 celebrant
567 2134 728 2233 repetita
744 2135 906 2211 triennia
925 2134 1112 2224 Bacchae;
1215 2117 1219 2127 ¹

167 2251 338 2351 Byblida
354 2276 429 2354 non
447 2251 555 2327 aliter
570 2252 667 2325 latos
688 2249 852 2325 ululasse
870 2275 938 2348 per
955 2274 1065 2347 agros

169 2366 386 2441 Bubasides
403 2367 529 2441 videre
547 2390 684 2440 nurus:
714 2366 853 2462 quibus
871 2364 935 2438 illa
952 2367 1092 2441 relictis

170 2482 304 2569 Caras
324 2491 363 2557 et
380 2481 571 2555 armiferos
591 2481 749 2576 Lelegas
769 2479 1001 2578 Lyciamque
1018 2491 1218 2579 pererrat

166 2597 259 2673 Jam
290 2599 453 2694 Cragon,
481 2608 520 2672 et
546 2598 736 2696 Lymiren,
765 2597 986 2694 Xanthique
1015 2597 1219 2705 reliquerat

323 2713 456 2800 undaS,
1143 2713 1218 2787 646

204 2898 263 2945 629.
296 2896 401 2953 lacerta,
430 2897 514 2956 dubis,
542 2898 670 2946 fluctuans.
720 2895 847 2946 charitibus
872 2910 1018 2961 comparare,
1045 2895 1078 2946 iv.
1092 2896 1141 2945 660
1161 2911 1218 2961 sqq.

170 2973 237 3028 Erit,
247 2970 351 3021 excedit.
373 2971 498 3021 committit
507 2974 595 3034 repelli,
606 2987 670 3019 com·
721 2971 744 3023 T
741 2974 841 3027 rieuuiu,
849 2986 917 3021 sacra
924 2971 1089 3020 Thebanorum
1100 2969 1220 3019 trieterica

169 3045 249 3097 missis
259 3044 309 3094 suis
324 3043 389 3103 iacit,
400 3054 427 3094 ut
438 3046 565 3111 repellatur
574 3045 625 3094 sive
635 3060 671 3094 re·
721 3045 745 3101 in
764 3045 875 3095 bonorem
896 3044 996 3101 Bacchi,
1010 3044 1152 3109 dequibus,
1169 3044 1219 3096 111.

165 3121 274 3186 jiciatur.
721 3118 769 3168 sab.
784 3119 827 3166 ult.
861 3118 926 3168 Illud
943 3117 1021 3183 ipsum
1039 3133 1123 3167 nornen
1141 3122 1220 3167 triete·

204 3193 333 3242 aaaron
349 3194 556 3257 satisfacerent]
578 3193 671 3242 Deinde
721 3196 771 3240 sico
791 3191 880 3241 librarii
901 3193 925 3240 h.
939 3192 956 3242 l.
977 3192 1118 3241 substituere
1137 3193 1218 3242 volue-

170 3283 247 3332 quum
259 3267 338 3317 nullus
348 3268 402 3316 finis
416 3267 487 3315 datur
498 3267 614 3330 Byblidos
629 3266 671 3315 fla·
722 3275 784 3321 runt,
795 3265 836 3313 sed
848 3281 927 3314 veram
937 3266 989 3329 ejus
1003 3265 1102 3314 sormam
1117 3264 1220 3330 reperire

170 3343 238 3406 gitio,
253 3343 352 3390 Caunus
369 3340 468 3405 patriam
487 3339 608 3403 relinquit.
642 3340 672 3389 ln
721 3355 769 3388 nou
795 3348 930 3402 potueruut.
974 3339 1081 3400 llepetita
1108 3338 1220 3388 dicuntur

169 3419 294 3479 peregrino
322 3425 394 3470 terro,
418 3415 442 3462 in
464 3414 543 3471 Caria,
565 3413 672 3463 condidit
722 3428 797 3468 sacra,
805 3428 858 3475 quse
866 3412 933 3460 statis
944 3411 1088 3475 temporibus
1096 3410 1218 3463 celebrau-

173 3490 283 3536 Caunum
293 3489 374 3537 urbem
387 3488 412 3536 in
427 3490 495 3544 valle,
506 3488 575 3552 cujus
585 3488 672 3535 Noster
722 3493 769 3535 tur.
805 3485 918 3541 Bulaeus,
934 3484 1015 3540 caria
1029 3487 1102 3547 regio,
1119 3486 1181 3535 Plin.
1196 3503 1219 3538 m

172 3578 222 3611 ver.
233 3562 291 3610 663.
303 3561 419 3617 meminit,
429 3562 493 3609 unde
509 3576 562 3609 eam
581 3563 612 3619 Q.
623 3563 672 3610 Ca·
722 3562 763 3608 29.
775 3568 799 3608 et
810 3561 873 3616 urbs,
884 3560 1015 3624 Sthephan.
1025 3561 1083 3623 Byr.
1093 3559 1221 3622 Brisseccoe

170 3637 249 3693 luber,
271 3635 320 3683 viii.
338 3637 378 3684 79.
397 3636 487 3694 κοίλην
503 3644 581 3691 vocat,
599 3645 671 3697 atque
722 3634 807 3697 (etiam
823 3635 924 3690 Plinius,
942 3634 1068 3696 Bubassus)
1082 3635 1155 3692 πόλις
1168 3641 1220 3684 Ka·

172 3710 246 3758 etiam
268 3707 347 3756 lacum
368 3723 437 3772 aquae
459 3707 564 3773 limpide
585 3708 609 3755 in
630 3708 673 3764 illa
722 3707 787 3774 plac.
834 3708 924 3764 Nurus,
951 3707 1069 3756 mulieres.
1119 3709 1220 3772 Leleges,

172 3783 369 3831 vallemeruorat.
389 3783 490 3846 Deficere
501 3793 672 3840 merrte,umen·
723 3782 787 3829 Asin
805 3781 900 3830 minoris
917 3781 1012 3837 incolae,
1029 3781 1220 3839 Caribusvicini,

173 3865 222 3907 tem
238 3856 299 3905 fieri.
326 3856 481 3905 inconcessum
494 3874 554 3918 rpem
569 3856 672 3920 exquisi·
724 3856 780 3905 vid.
791 3857 883 3905 Strabo.
895 3856 936 3904 lib.
949 3855 998 3904 xiii.

172 3929 221 3978 tius
237 3946 289 3979 esse
307 3939 374 3995 puto,
385 3946 468 3994 quam,
481 3930 545 3995 quod
561 3930 675 3980 Heinsius
757 3931 813 3979 645.
825 3931 923 3994 Cragus,
935 3944 1002 3976 mons
1019 3927 1108 3992 Lyciae,
1123 3928 1186 3976 Pliu.
1197 3945 1222 3983 m

172 4002 279 4062 volebat,
292 4008 423 4054 inconcessa
436 4005 537 4053 Venerit.
724 4008 765 4056 27.
784 4009 961 4067 promontorium
982 4002 1077 4052 dicitur.
1117 4002 1220 4063 Lymire,

206 4077 404 4141 6466666160
416 4077 558 4139 mutuato]
572 4077 675 4132 Solenue
721 4079 810 4136 fluvius
827 4087 851 4126 et
866 4078 979 4143 oppidum
995 4075 1082 4140 Lycia.
1116 4073 1222 4123 DeClri·

172 4149 260 4216 poetis,
271 4149 377 4201 furentes
394 4167 449 4201 cum
467 4151 604 4201 mulieribus
618 4153 675 4202 bac·
725 4169 793 4209 ruera
805 4151 858 4201 vide
870 4150 900 4200 ad
912 4150 942 4200 vi.
954 4152 1016 4200 ³39:
1025 4163 1099 4214 quum
1110 4155 1221 4218 autemut
