2774 5004
300 317 366 383 ase
485 390 493 398 ,
580 315 622 381 r.
646 314 807 380 ovruu
831 311 1044 379 sisoius

303 487 441 560 Attulit
460 487 497 561 iu
515 488 697 586 patriam:
726 488 1008 583 conjurataeque
1025 495 1232 580 sequuntur
1364 468 1385 541 i

305 601 413 675 Mille
431 614 543 688 rateS,
563 602 763 700 gentisque
781 602 893 677 simul
910 624 1109 674 commuue
1129 599 1299 696 Pelasgo:

305 717 387 791 Nec
405 717 521 792 dilata
537 717 633 793 soret
649 718 825 804 vindicta,
846 716 917 790 nisi
934 739 1087 814 aequora
1104 714 1192 788 saevi
1370 707 1378 721 '

306 833 412 906 Invia
429 832 607 907 fecissent
625 831 739 918 venti,
760 830 971 928 Boeotaque
990 830 1102 902 tellus
1375 848 1385 894 r

304 947 443 1021 Aulide
460 948 611 1045 piscosa
627 972 777 1046 puppes
795 947 979 1022 tenuisset
996 945 1125 1017 ituras.
1292 948 1323 1014 111
1380 966 1385 1010 ἐ

307 1062 381 1136 Hic
400 1063 519 1161 patrio
536 1063 584 1136 de
602 1087 704 1137 more
722 1061 746 1135 J
748 1064 806 1135 ovi
826 1086 943 1159 quum
961 1085 1068 1134 sacra
1085 1060 1289 1157 perissent,
1379 1117 1385 1122 .

308 1178 363 1250 Ut
379 1189 486 1252 vetus
505 1178 674 1252 accensis
693 1178 886 1252 incanduit
903 1177 1053 1273 ignibus
1071 1199 1149 1260 ara,

309 1293 470 1391 Serpere
487 1295 689 1367 caeruleum
708 1291 829 1365 Danai
849 1293 973 1365 videre
992 1292 1197 1363 draconem

308 1406 354 1481 lu
372 1409 577 1505 platanum,
595 1407 729 1505 coeptis
748 1430 833 1503 quae
852 1407 977 1506 stabat
994 1403 1168 1502 proxima
1186 1401 1309 1475 sacris:
1383 1404 1385 1410 ⁴

309 1523 432 1596 Nidus
443 1533 523 1597 erat
534 1523 724 1594 volucrum
735 1522 792 1593 bis
804 1532 965 1615 quatuor
980 1520 1111 1593 arbore
1123 1542 1284 1604 summa;
1299 1521 1329 1589 15

309 1635 413 1721 Quas
424 1637 546 1722 simul,
558 1636 915 1710 etmatremcircum
928 1635 1330 1714 suadamnavolautem

310 1750 501 1848 Corripuit
519 1775 685 1848 serpeus,
705 1750 887 1846 avidaque
906 1749 1117 1823 recondidit
1135 1751 1231 1822 alv0.

311 1863 554 1961 Obstupuere
571 1886 722 1938 omues:
752 1873 792 1937 at
808 1863 884 1937 veri
903 1863 1079 1960 providus
1095 1885 1217 1958 augur

314 2060 446 2118 Herodoto,
462 2063 490 2111 rb
507 2063 591 2111 κοινὸν
607 2067 657 2112 τῶν
674 2063 812 2126 >topicae
859 2063 889 2112 ab
908 2061 959 2128 ipso
973 2061 1033 2111 Jove
1050 2059 1112 2123 sigui
1131 2057 1186 2109 loco
1207 2055 1339 2122 mimmii

313 2134 428 2198 Dionysio
439 2134 519 2183 Helie.
530 2137 558 2185 τὸ
571 2137 654 2184 κοινὸν
666 2140 718 2185 τῶν
735 2136 811 2186 Auri·
859 2135 983 2202 prosiliens
990 2135 1021 2183 ab
1029 2148 1069 2181 ara
1077 2132 1108 2181 ad
1118 2134 1228 2181 arborem
1237 2131 1341 2182 undetu.
1383 2158 1385 2173 ι

314 2227 376 2265 νων,
387 2225 400 2257 e
417 2208 540 2265 Cicerone,
545 2226 660 2258 commune
677 2210 812 2267 Multarum.
860 2207 966 2259 Passeris
975 2208 1044 2273 pulli,
1055 2206 1137 2266 νήπια
1147 2206 1234 2263 risun,
1244 2208 1288 2257 sub
1297 2202 1342 2254 tntis

315 2283 540 2339 commonstretur,
557 2282 680 2333 etc-infra
696 2282 747 2332 xiii.
765 2299 813 2333 ver.
861 2283 978 2331 latebant.
1006 2279 1343 2329 Hosdracostrideatesmise·

317 2355 373 2403 199.
380 2358 503 2404 eommunis
511 2356 609 2406 Graeciu.
625 2357 717 2421 Pelasgi
725 2355 813 2405 Achivi
861 2356 966 2406 rabiliter
978 2354 1117 2412 devorabat,
1127 2368 1204 2418 quum
1219 2362 1295 2402 mater
1306 2351 1344 2417 qui·

314 2436 366 2492 post
378 2426 506 2477 Homerum
520 2429 567 2478 dici
579 2440 703 2495 coeperunt
713 2446 728 2477 a
738 2429 809 2478 serio·
861 2429 934 2478 ritant
945 2427 1132 2482 circumvolaret,
1140 2426 1219 2475 donec
1231 2425 1305 2491 ipsam
1313 2425 1346 2472 iu·

314 2501 379 2550 ribus
389 2500 473 2564 poetis.
860 2503 952 2567 plicans
963 2501 1002 2550 ala
1011 2500 1169 2566 protenderet
1180 2500 1266 2549 draco.
1283 2499 1346 2548 Etim

349 2576 374 2623 8.
393 2572 676 2639 Necrlilutasoret,etc.]
703 2575 776 2625 Fuere
787 2584 812 2625 et
861 2576 978 2631 Stasinus,
997 2582 1067 2639 poete
1085 2573 1207 2638 antiquus,
1225 2572 1251 2621 iu
1270 2571 1349 2637 Cypriis

316 2647 370 2696 aliae
391 2663 470 2696 causas
492 2647 602 2697 vindicte
623 2648 711 2706 dilatae,
731 2665 812 2714 easque
862 2648 1005 2698 carminibus
1015 2647 1067 2695 brec
1078 2654 1232 2694 tractaverat.
1260 2646 1350 2699 Patrios.

316 2721 442 2784 graviores,
464 2731 591 2787 apparatus
616 2737 700 2787 nempe
723 2723 813 2781 classis,
862 2720 965 2786 gentilis,
976 2730 1003 2769 ut
1017 2719 1152 2783 πατρώϊος.
1187 2718 1292 2767 Iaemius
1307 2733 1351 2766 cou-

317 2793 715 2843 etc.sedillenihilsdconsilium
727 2803 812 2859 poetae.
860 2793 940 2859 jungit
948 2796 1023 2856 patrio
1034 2791 1096 2839 Jovi.
1126 2791 1205 2839 Immo
1214 2791 1352 2853 potrttmoris

318 2866 434 2918 Terruisset
444 2868 553 2932 simplex,
565 2884 607 2932 pro
617 2868 745 2933 composito
756 2871 814 2917 deti·
865 2884 931 2916 sacra
939 2867 1069 2933 passim,ut
1076 2865 1109 2912 vi.
1117 2865 1175 2914 648.
1193 2865 1353 2918 incandescere.

317 2944 410 2989 nuiusr.
445 2942 546 2989 Pisaurus
556 2957 681 2990 commune
693 2941 814 3004 epitheton
864 2941 935 2990 valde
955 2940 1107 2994 incalescere,
1124 2937 1278 2996 inflammari,
1296 2948 1322 2987 ut
1334 2937 1354 2985 ii.

320 3011 450 3061 insularum
475 3012 614 3078 urbiumque
640 3013 816 3063 maritimarum.
865 3016 920 3063 729.
932 3023 957 3063 et
966 3016 1130 3069 reconderem,
1143 3012 1159 3060 i.
1171 3014 1231 3062 435.
1269 3014 1353 3062 Plutoni

320 3085 359 3135 De
376 3085 421 3135 bac
439 3102 504 3136 mora
522 3086 547 3135 in
565 3086 653 3136 nunde
671 3087 702 3136 cl.
724 3086 815 3152 Euripi·
864 3087 928 3136 illius
944 3097 1034 3153 partem
1051 3084 1177 3134 Pausanias
1198 3085 1280 3135 adbuc
1296 3096 1355 3136 retatt

320 3160 383 3217 dem,
394 3158 472 3226 Iphig.
483 3160 557 3210 Aulid
569 3159 692 3226 principio.
865 3161 890 3210 in
906 3162 994 3226 templo
1011 3159 1176 3216 ostendebant,
1188 3167 1213 3207 et
1225 3160 1300 3225 justa
1315 3161 1355 3208 lm·

353 3235 394 3282 ll.
412 3234 459 3283 Hic
472 3238 548 3298 potrio
561 3237 589 3282 de
602 3252 670 3291 more,
680 3234 739 3297 etc]
757 3234 816 3283 Haec
866 3242 924 3283 tem.
959 3234 1021 3283 Vide
1034 3235 1112 3282 Boeot.
1123 3248 1179 3298 pag.
1190 3234 1251 3282 478.

319 3322 394 3372 usque
406 3308 436 3356 ad
447 3325 497 3356 ver.
508 3310 548 3357 23.
558 3317 653 3373 sumpta
664 3325 693 3355 ex
704 3308 815 3364 Homero,
901 3308 938 3355 16.
957 3308 1049 3355 Circum
1069 3323 1111 3354 suu
1131 3308 1217 3354 domna
1235 3306 1358 3372 eleganter,

320 3380 351 3429 Il.
362 3385 391 3428 B.
401 3383 449 3429 229
460 3397 514 3444 sqq.
524 3382 565 3430 ubi
577 3383 607 3429 ab
616 3381 702 3446 Ulysse
714 3381 816 3431 facunda

322 3468 377 3501 cum
388 3453 539 3518 simplicitate
550 3464 681 3503 narrantur.
715 3455 816 3521 Compa-

322 3527 411 3574 ratioue
422 3526 531 3575 instituta
540 3527 643 3591 superior
654 3528 771 3575 Homerus
781 3545 816 3577 re·

322 3599 410 3664 peritur
420 3599 521 3648 Ouidio:
542 3615 644 3664 namque
659 3602 682 3646 l⁰
697 3616 768 3648 scena
785 3601 817 3649 ibi

322 3671 550 3736 suaviusdoscripta.
567 3672 596 3719 Iu
608 3671 686 3722 modio
694 3674 819 3725 umbrifera

322 3745 442 3810 platanus,
453 3746 515 3795 uude
527 3745 625 3811 limpida
641 3762 704 3812 aqua
714 3749 806 3812 profluit
811 3768 819 3808 5

323 3820 368 3867 sub
382 3818 480 3884 platano
493 3827 529 3868 ast
541 3834 589 3875 ara,
600 3835 671 3883 quam
687 3820 766 3869 Graci
782 3838 819 3870 aa·

324 3891 371 3940 cris
381 3891 465 3942 intenti
480 3892 648 3941 circumstant:
667 3894 694 3940 2⁰
704 3901 820 3942 ostentum

322 3964 402 4030 ipsum
416 3966 482 4016 etad
499 3974 616 4031 stuporem
628 3964 781 4031 injiciendum
796 3976 821 4018 et

325 4038 355 4088 sd
377 4040 601 4089 commiserationem
624 4038 755 4089 faciendam
777 4057 818 4107 ap-

324 4112 373 4180 tius
383 4123 511 4165 nanctum.
543 4115 600 4164 Erat
613 4113 729 4164 horribilis
739 4115 819 4173 draco,

865 3379 953 3429 circum
969 3380 1046 3445 pullos
1058 3394 1120 3435 suos.
1132 3378 1220 3443 quibus
1233 3395 1292 3429 cum
1302 3395 1357 3429 mas·

865 3453 912 3502 irnc
936 3453 1085 3518 privabatur:
1114 3455 1225 3501 domuum
1248 3452 1358 3503 interduo

866 3542 903 3575 res
915 3527 1008 3582 amissa,
1017 3537 1056 3576 aut
1064 3542 1116 3591 qura
1126 3525 1260 3587 antistitum
1272 3528 1305 3576 si.
1313 3527 1358 3577 3111.

867 3603 958 3656 domim,
966 3616 1051 3665 pecora
1059 3599 1185 3649 trucidata.
1204 3600 1358 3650 LaudatBur·

869 3691 968 3723 manuus
990 3673 1093 3730 Phaedri,
1115 3673 1132 3722 i.
1153 3675 1195 3723 28.
1218 3675 1261 3724 ubi
1286 3676 1359 3741 vulpes

869 3747 955 3812 aquilos
976 3748 1080 3797 dolorem
1103 3749 1187 3797 miscet
1209 3751 1293 3798 dom
1316 3765 1360 3797 sss·

869 3824 956 3884 guinis,
977 3821 1019 3869 sed
1040 3821 1073 3870 ibi
1094 3823 1203 3870 &mntem
1222 3830 1260 3871 est
1275 3823 1360 3888 Jecturt

869 3893 928 3959 ipsa.
951 3896 1053 3943 &condi
1064 3903 1088 3943 et
1097 3897 1163 3943 condi
1173 3896 1234 3953 olco,
1245 3904 1359 3961 tamque!

869 3968 985 4031 sepulcro,
996 3968 1107 4018 dicuutur
1119 3968 1226 4019 devorati
1237 3969 1303 4029 cibi;
1320 3970 1360 4017 sir.

871 4040 934 4100 1765
962 4058 1001 4091 xv.
1023 4043 1068 4091 88:
1105 4052 1126 4089 et
1146 4045 1213 4092 aluus
1230 4060 1287 4094 cum
1305 4046 1360 4092 busto

869 4125 1017 4181 comparatur
1028 4115 1059 4165 vi.
1070 4117 1127 4164 665.
