2774 5004
363 113 832 183 Murnuoltrtrosuorr
857 115 948 182 LIB.
972 112 1055 179 XV.
1167 110 1232 175 443

178 287 227 361 In
246 311 403 386 superos
422 311 485 362 aer
502 288 744 362 tenuissimus
761 289 899 363 emicat
917 291 1035 388 ignes.

179 403 279 479 Inde
295 413 394 479 retro
411 404 584 492 redeunt,
603 405 780 503 idemque
796 404 980 480 retexitur
996 409 1101 484 ordo.

177 519 286 617 Ignis
303 521 404 595 enim
421 521 583 595 densum
601 522 784 620 spissatus
802 521 840 593 in
859 522 944 594 aera
960 525 1109 614 transit;
1155 531 1230 601 250

178 634 255 708 Hic
274 635 312 708 in
330 658 472 733 aquas;
500 636 614 710 tellus
631 637 838 734 glomerata
854 637 1001 733 cogitur
1017 642 1136 716 unda:

177 749 216 823 N
219 775 264 825 ec
282 751 431 849 species
448 775 517 825 sua
530 751 670 850 cuique
683 762 825 838 manet,
839 775 1039 849 rerumque
1056 760 1227 834 novatrix

177 864 242 940 Ex
259 866 342 941 aliis
361 866 454 941 alias
471 879 621 966 reparat
637 877 773 941 natura
788 866 940 963 figuras.

178 981 263 1058 Nec
278 984 376 1081 perit
386 983 424 1056 in
436 993 542 1058 tanto
553 985 772 1082 quidquam,
787 985 879 1057 mihi
891 985 1046 1074 credite,
1061 991 1223 1082 mund03

176 1098 258 1173 Sed
266 1098 397 1186 variat,
409 1097 621 1195 faciemque
633 1111 761 1173 novat:
782 1100 964 1196 nascique
978 1114 1131 1177 vocatur
1147 1111 1222 1181 255
1244 1098 1248 1103 ¹

175 1212 351 1312 Incipere
364 1237 448 1288 esse
462 1214 576 1300 aliud,
592 1215 706 1311 quam
720 1215 823 1310 quod
836 1213 907 1286 fuit
923 1226 1032 1304 ante;
1053 1218 1223 1318 morique

176 1329 362 1403 Desinere
380 1329 471 1402 illud
490 1329 602 1415 idem,
622 1352 741 1425 quum
759 1328 834 1401 sint
852 1329 926 1401 huc
942 1329 1097 1406 forsitan
1115 1331 1190 1422 illa,

175 1443 270 1517 Haec
283 1444 464 1517 translata
473 1443 584 1516 illuc:
605 1466 752 1516 summa
761 1453 886 1517 tamen
898 1446 1022 1519 omnia
1035 1461 1220 1528 coustant.

227 1559 291 1632 Nil
310 1559 487 1656 equidem
505 1558 638 1632 durare
657 1557 721 1631 diu
740 1558 811 1631 sub
829 1558 992 1656 imagine
1010 1564 1143 1638 eadem

174 1675 432 1751 Crediderim:
465 1675 520 1749 sic
537 1676 586 1749 ad
603 1674 740 1748 serrum
758 1674 913 1749 venistis
930 1677 979 1749 ab
998 1701 1087 1752 auro
1147 1687 1222 1758 260

175 1791 335 1865 Secula:
365 1791 420 1863 sic
437 1789 550 1863 toties
567 1813 675 1863 versa
693 1800 752 1864 est
769 1788 918 1863 fortuna
933 1792 1112 1869 locorum.

171 1906 260 1979 Vidi
277 1929 361 2002 ego,
380 1906 482 2004 quod
502 1905 624 1979 luerat
640 1905 832 2002 quondam
852 1906 1079 1983 solidissima
1096 1912 1220 2004 tellus,

171 2019 270 2096 Esse
288 2020 448 2096 fretum:
475 2020 551 2094 vidi
569 2020 687 2095 lactas
702 2046 750 2094 ex
769 2046 919 2118 aequore
938 2035 1055 2098 terras
1070 2054 1079 2112 ;

171 2134 226 2209 Et
243 2136 372 2234 procul
390 2161 412 2210 a
429 2137 563 2234 pelago
581 2136 735 2209 conchae
745 2137 900 2232 jacuere
918 2139 1082 2227 marinae,
1145 2148 1217 2216 264

170 2250 224 2325 Et
239 2261 347 2325 vetus
366 2250 516 2326 inventa
528 2263 588 2325 est
604 2252 642 2324 in
660 2249 851 2323 montibus
870 2274 1007 2325 ancora
1024 2256 1198 2330 summis:

170 2367 360 2464 Quodque
377 2367 448 2439 fuit
464 2391 633 2465 campus,
653 2367 787 2440 vallem
804 2366 987 2440 decursus
1006 2392 1188 2465 aquarum

170 2481 303 2569 Fecit3
332 2494 372 2556 et
389 2481 509 2556 eluvie
528 2506 636 2555 mons
654 2492 713 2556 est
729 2480 915 2554 deductus
930 2480 968 2553 in
986 2506 1136 2579 aequor3

168 2595 281 2694 Eque
298 2596 481 2695 paludosa
498 2598 609 2671 siccis
627 2597 764 2670 humus
782 2608 861 2671 aret
878 2598 1022 2672 arenis:
1081 2603 1214 2696 [ment.

168 2711 343 2810 Quaeque
376 2711 478 2785 sitim
513 2713 688 2798 tulerant,
717 2722 890 2809 stagnata
916 2712 1120 2810 paludibus
1147 2706 1216 2791 hu'·

200 2977 257 3026 249.
274 2976 392 3035 Redmnt,
411 2985 533 3026 mutentur
549 2977 573 3026 iu
588 2977 666 3042 prieti·
717 2987 755 3027 tas
769 2987 794 3026 et
805 2991 905 3042 magnas
921 2976 1077 3026 revolutiones
1093 2992 1164 3043 passa
1179 2987 1216 3028 est

166 3067 225 3100 num
244 3058 341 3101 statum.
373 3051 464 3101 Eadem
489 3051 611 3116 eleganter
630 3052 666 3100 di·
717 3060 792 3110 terre;
814 3050 839 3098 id
858 3050 920 3115 quod
938 3058 962 3099 et
981 3049 1050 3099 hodie
1072 3051 1219 3114 gmviseimis

125 3140 129 3148 ’
164 3134 253 3174 cuntur
263 3130 342 3183 reteri,
353 3126 503 3190 tropoatela
513 3127 595 3191 petito.
623 3127 666 3174 Go-
717 3125 861 3189 argumentis
875 3125 961 3173 docent
975 3123 1077 3188 geologi.
1111 3125 1216 3175 Fortuna

162 3204 241 3265 gitur,
258 3199 402 3258 includitur;
418 3201 436 3248 i.
454 3202 495 3248 81.
508 3200 591 3248 humor
604 3217 665 3249 coer-
716 3200 823 3255 locorum,
834 3197 929 3246 habitus
940 3197 1052 3247 locorum.

164 3275 216 3321 cuit
242 3275 322 3322 orbem.
358 3273 498 3330 Glomsreta,
519 3283 665 3331 coacervata,
748 3273 804 3321 266.
822 3273 930 3334 Campum
939 3271 1002 3334 fecit
1019 3274 1110 3330 valum,
1127 3273 1172 3321 hoc
1190 3274 1215 3322 in

166 3345 322 3395 condensata.
351 3346 457 3412 Figurae,
468 3347 594 3396 elementa.
715 3361 800 3412 campo
821 3346 878 3394 lecit
898 3353 1003 3394 montem
1024 3355 1066 3393 aut
1086 3346 1215 3396 tumulum.

198 3422 256 3469 25⁴.
275 3420 322 3469 Nec
332 3424 392 3483 perit
408 3425 434 3470 in
449 3422 535 3485 tenta]
567 3421 664 3470 Plurimi
715 3420 746 3469 In
761 3419 880 3484 egumia
894 3420 993 3484 plenum
1008 3435 1137 3485 campum3
1158 3420 1216 3470 adi.

163 3497 203 3559 (et
213 3493 287 3543 codex
298 3495 364 3560 Raeg
374 3494 423 3556 A.)
439 3495 488 3543 Nec
500 3499 559 3558 perit
573 3499 598 3544 ia
613 3504 666 3544 tcto.
714 3495 755 3541 41.
782 3494 853 3542 Siccis
863 3503 913 3540 aret
923 3497 1008 3548 arente,
1022 3492 1085 3542 iacta
1096 3502 1131 3542 est
1142 3493 1214 3549 sicca,

162 3567 256 3616 Nullus
266 3567 290 3616 iu
301 3569 390 3616 mundo
405 3567 521 3625 interitus,
531 3584 602 3617 merra
613 3577 665 3616 tan·
714 3567 789 3623 arida,
796 3583 902 3616 mansa.
921 3567 967 3616 His
974 3583 1003 3616 ex
1012 3583 1063 3615 asse
1070 3565 1213 3631 respondent

162 3652 216 3690 tum
227 3642 441 3691 uansformationes
457 3652 480 3691 et
491 3642 666 3691 translationes.
714 3641 844 3705 sequentia,
855 3650 961 3703 stagnata
975 3642 1098 3701 paladibus
1112 3639 1214 3694 tament,

163 3714 195 3763 Id
204 3729 301 3779 quoque
310 3715 467 3765 verissimum.
487 3717 579 3764 &mma
590 3719 665 3764 onnia
713 3715 738 3763 iu
753 3715 861 3763 humidae
877 3713 977 3778 paludes
988 3729 1007 3760 s.
1023 3721 1107 3775 stagna
1121 3718 1213 3758 mutate

162 3798 277 3846 coruom,
304 3804 396 3838 summa
428 3789 533 3839 omnium
562 3790 663 3855 partium
713 3798 776 3839 sunt.
810 3788 924 3836 Cumulat
945 3787 1025 3840 verbe,
1053 3793 1079 3831 ut
1100 3783 1213 3840 inculcet,

163 3874 257 3923 semper
267 3870 348 3910 manet
357 3862 451 3911 eadem.
714 3879 785 3926 qnam
801 3862 919 3909 mirabiles
935 3860 982 3909 sint
998 3859 1046 3906 illa
1061 3857 1212 3907 mutationes.

196 3935 253 3983 259.
265 3935 416 3998 Nileqm'dem
424 3939 517 3993 durare,
526 3937 586 3999 ete]
599 3937 665 3985 Mul·
717 3936 864 3996 Epuludosa,
875 3933 927 3982 scil.
938 3933 1018 3981 humo.
