2774 5004
303 330 369 395 260
595 325 636 391 Ρ.
657 324 818 392 ovtmt
842 324 1055 394 NASONIS
1076 330 1078 335 '

308 500 404 575 Esse
422 499 539 575 Deae:
570 509 772 598 postquam
790 499 975 598 pietatem
987 499 1141 598 publica
1157 483 1279 589 causa,

307 617 471 712 Rexque
482 627 626 714 patrem
637 616 739 704 vicit,
751 616 1329 713 castumquedaturacruorem30

307 731 502 805 Flentibus
520 744 606 805 ante
624 755 725 804 aram
743 731 850 805 stetit
867 730 1065 828 Iphigenia
1082 730 1281 804 ministris}

306 846 418 920 Victa
440 846 523 920 Dea
540 857 609 932 est,
628 847 844 943 nubemque
864 845 983 919 oculis
1003 844 1170 942 objecit;
1200 856 1240 919 et
1256 844 1332 918 inter

309 960 484 1035 Officium
502 963 726 1057 turbamque
745 962 853 1049 sacri,
871 985 1060 1057 vocesque
1077 972 1302 1059 precantum,

309 1076 516 1175 Supposita
533 1076 649 1151 fertur
666 1080 835 1151 mutdsse
853 1077 1061 1175 Mycenida
1077 1100 1203 1150 cerva.

310 1190 411 1288 Ergo
430 1191 508 1278 ubi,
528 1216 605 1288 qua
620 1192 761 1279 decuit,
781 1192 896 1266 lenita
912 1202 971 1265 est
987 1192 1092 1264 caede
1111 1191 1251 1276 Diana,
1296 1193 1332 1262 35

309 1305 358 1379 Et
376 1307 514 1404 pariter
531 1306 709 1394 Phoebes,
728 1309 866 1405 pariter
883 1308 995 1380 maris
1014 1308 1069 1380 ira
1085 1307 1265 1394 recessit3

307 1420 513 1519 Accipiunt
528 1432 659 1495 ventos
677 1446 700 1496 a
717 1433 823 1518 tergo
841 1423 942 1496 mille
960 1423 1114 1511 carinae3

309 1535 509 1634 Multaque
521 1561 709 1635 perpessae
724 1537 891 1635 Phrygia
901 1537 1094 1636 potiuntur
1106 1560 1235 1611 arena.
1248 1538 1334 1634 [que

351 1650 405 1725 II.
425 1651 643 1726 Orbelocus
654 1653 777 1726 medio
788 1662 859 1739 est,
870 1651 1187 1749 intemerataque,
1199 1651 1334 1726 fretum·

342 1867 383 1915 29.
401 1867 498 1916 Publica
505 1884 582 1923 esuso,
592 1867 748 1924 commodum,
760 1865 805 1915 uti·
855 1865 1001 1932 consumptis
1014 1866 1149 1922 affectibus,
1164 1882 1213 1915 non
1231 1864 1339 1932 mem.

308 1939 366 1989 litas
379 1941 465 2004 gentis,
477 1950 503 1989 ut
519 1957 588 1989 conso
601 1944 699 2003 imperii,
715 1944 805 2003 reipub-
856 1939 985 2003 quodigne
998 1939 1066 1988 modo
1081 1941 1156 2004 patris
1168 1940 1263 1989 vnttnm
1276 1945 1340 2004 ponet
1381 1966 1383 1971 ·

311 2015 360 2062 lior
374 2012 439 2077 apud
453 2014 600 2062 Ciceronem.
633 2015 690 2070 Rea,
704 2016 806 2063 officium
855 2011 995 2077 exprimere,
1010 2013 1261 2079 velavitejuscsput.
1275 2023 1341 2062 mero

310 2086 485 2151 regis,potrsro,
500 2087 605 2134 animum
619 2096 751 2152 paternum,
765 2105 808 2153 per
855 2085 942 2149 cuique
969 2086 1047 2133 animo
1074 2085 1141 2134 dedit
1161 2083 1341 2135 eadmundus?

311 2160 479 2224 metonymiam
499 2160 599 2225 subjecti
619 2176 661 2225 pro
678 2161 804 2225 adjuncto:
856 2158 944 2208 Confer
970 2158 1062 2214 Cicero,
1083 2159 1153 2207 Orat.
1173 2161 1224 2220 223
1255 2159 1343 2214 Plinio,

312 2232 608 2298 xiiilb'binrsgstnmsn
617 2243 739 2295 patorem
756 2235 806 2283 Va·
856 2247 928 2280 xxxv.
942 2233 981 2279 10.

312 2307 383 2356 lerius
393 2308 463 2356 Max.
475 2307 507 2355 V.
517 2306 566 2355 viii.
579 2308 601 2356 l.
611 2306 641 2355 de
653 2308 736 2364 Bruto,
744 2310 808 2357 eruit
888 2307 929 2354 ³3.
950 2305 1056 2369 Officium
1066 2307 1211 2370 turbamque,
1221 2307 1283 2370 etc]
1303 2306 1344 2355 Ra

310 2391 408 2442 putrem,
418 2390 446 2429 ut
456 2381 569 2429 consulem
579 2391 675 2445 φνας
695 2397 767 2446 supra
776 2380 808 2430 vi.
855 2376 981 2442 diligenter
999 2389 1105 2428 narratur
1123 2379 1188 2444 apud
1210 2379 1345 2445 Euripide!y

309 2457 369 2505 629.
388 2471 415 2503 ss
430 2457 502 2503 nimio
517 2465 612 2502 matrem
629 2459 715 2516 pietate
732 2457 809 2503 laboro
856 2467 904 2500 rer.
918 2454 979 2501 test
994 2469 1056 2517 sqq:
1075 2455 1145 2501 turba
1160 2456 1233 2511 sueri,
1248 2453 1346 2519 sospitas

311 2531 387 2585 malt,
403 2528 445 2577 ubi
461 2527 510 2576 vid.
526 2526 648 2576 Heinsius.
680 2527 809 2576 Persuasus
856 2541 945 2582 eomm‚
954 2526 995 2590 qni
1003 2542 1070 2575 sacro
1080 2527 1221 2576 intererant.
1247 2527 1346 2582 uum

312 2601 423 2667 precibus
444 2600 550 2649 Menelai
570 2599 692 2649 arcessivit
712 2600 810 2665 Iphige-
857 2601 1011 2665 permutisse.
1044 2600 1123 2666 Ipsam
1139 2600 1259 2665 virginem
1273 2607 1347 2666 rapot,

313 2676 388 2724 niam.
858 2673 910 2737 ejus
929 2673 981 2722 loco
1008 2673 1130 2738 supposuit
1155 2675 1194 2723 rel
1216 2691 1311 2729 aron,
1326 2681 1349 2720 ut

346 2751 387 2799 ³0.
398 2751 471 2806 Doro,
479 2748 608 2799 effundere.
620 2749 749 2813 Sequentia
756 2749 808 2814 pul·
859 2746 953 2812 plurimi
970 2747 1074 2803 uadunt,
1091 2748 1129 2795 vel
1146 2754 1253 2803 taurum.
1268 2757 1295 2796 nt
1306 2746 1348 2795 vult

314 2823 428 2872 cberrime
443 2821 554 2870 tractavit
568 2821 691 2870 Lucretius
701 2821 727 2870 d.
738 2822 755 2871 l.
768 2821 809 2886 qni
859 2818 981 2868 Nicander
991 2821 1054 2886 apud
1065 2819 1155 2869 Anton.
1168 2821 1310 2870 libentem.

314 2896 381 2944 loeus
391 2895 477 2959 dignus
487 2904 532 2952 est,
543 2895 584 2959 qui
595 2910 649 2943 cum
658 2905 735 2942 nostro
746 2911 810 2943 com·
892 2894 933 2942 ³8.
952 2892 1128 2941 permutatum
1138 2902 1166 2941 nt
1176 2893 1210 2941 si.
1221 2897 1264 2943 65.

314 2977 424 3033 paretur:
446 2976 461 2995 ‘⁴
472 2968 518 3017 Cui
529 2969 598 3017 simul
609 2967 685 3016 inlula
695 2968 811 3032 virgineos
892 2967 1014 3015 ³9-145.
1038 2967 1128 3029 Cycnus
1155 2965 1348 3028 insalsarum]

315 3042 461 3092 circumdata
476 3052 584 3107 comptus
597 3044 632 3090 Ex
650 3051 750 3107 utraque
760 3043 810 3108 pari
861 3040 931 3088 Conl.
944 3042 975 3097 Q.
986 3041 1096 3096 Calaber,
1111 3040 1143 3087 iv.
1157 3041 1204 3088 467
1217 3057 1280 3106 sqq:
1297 3051 1349 3089 trae·

316 3118 433 3165 malarum
446 3126 512 3181 parte
526 3116 622 3180 profusa
638 3126 682 3173 est,
695 3117 725 3163 Et
739 3132 810 3165 moes·
861 3122 952 3162 tereret
962 3123 987 3162 et
999 3115 1106 3162 Stasinus
1120 3113 1145 3161 in
1160 3115 1268 3179 Cypriis.
1302 3116 1352 3163 Orbe

315 3200 366 3240 tum
380 3190 449 3239 simul
463 3198 519 3238 ante
535 3204 588 3237 aras
602 3199 678 3238 estare
691 3199 810 3254 parentem
862 3189 1014 3242 loerrsmedio,
1028 3197 1074 3235 ete.
1107 3187 1185 3235 lacus
1200 3188 1351 3237 classicusde

317 3265 404 3320 Sensit,
417 3272 441 3312 et
451 3263 514 3312 bunc
529 3272 624 3328 propter
638 3264 723 3311 ferrum
734 3263 811 3313 celare
861 3261 934 3308 Fama
951 3270 975 3308 et
993 3260 1023 3308 de
1040 3261 1091 3325 ejus
1109 3259 1240 3310 domicilio.
1274 3263 1352 3327 Neque

318 3338 444 3394 ministros,
466 3338 619 3402 Aspectuque
640 3353 683 3385 suo
704 3337 812 3385 lacrimas
862 3335 948 3382 Noster
961 3336 1109 3383 concertasse
1125 3333 1220 3382 videtur
1236 3351 1291 3384 cnm
1305 3336 1353 3383 Vir·

317 3409 438 3459 effundere
456 3410 533 3458 cives:
555 3412 627 3458 Muta
645 3419 709 3458 metu
727 3420 812 3458 terram
861 3407 926 3471 gilio,
944 3409 1002 3455 AEn.
1019 3408 1052 3455 ir.
1072 3407 1209 3456 173-188.
1229 3410 1273 3457 sed
1293 3423 1352 3459 suum

317 3482 417 3547 genibus
433 3484 549 3532 submissa
563 3485 673 3548 petebat:
695 3484 748 3531 Nec
767 3482 811 3530 mi·
862 3479 934 3543 ipsius
954 3480 1075 3544 ingenium
1097 3489 1209 3529 secutus:
1238 3483 1308 3546 eique
1328 3497 1353 3530 ex

318 3573 376 3606 serae
390 3558 498 3623 prodesse
512 3557 537 3605 in
550 3558 593 3606 toli
606 3567 711 3622 tompore
722 3557 812 3620 quibat,
863 3569 925 3602 more
942 3553 1040 3602 indulsit
1056 3554 1210 3618 loquacitate.
1246 3556 1315 3605 Conl.
1328 3555 1354 3603 tle

319 3630 390 3690 Quod
400 3631 476 3697 patrio
489 3630 598 3697 princeps
611 3630 710 3677 donbmt
719 3631 813 3679 nornine
863 3627 935 3675 Fama
947 3627 1057 3676 Valerius
1073 3628 1183 3683 Flaccus,
1200 3628 1225 3675 ii.
1242 3630 1289 3676 116
1301 3643 1354 3693 sqq:

318 3705 423 3769 regem,”
434 3714 492 3761 etc„
508 3705 621 3752 Pinxerst
632 3701 697 3751 illem
706 3703 813 3752 immola·
862 3701 952 3749 Statius
965 3702 1041 3749 Theb.
1054 3701 1088 3750 iii.
1103 3703 1168 3761 4265
1188 3704 1278 3750 Noster
1290 3717 1355 3768 supra

319 3779 406 3827 tionem
419 3778 565 3833 Timanthes,
578 3776 608 3825 de
623 3791 669 3841 quo
685 3775 813 3834 Quintilis·
863 3773 897 3822 ix.
920 3776 963 3822 137
985 3790 1038 3839 sqq.
1072 3775 1144 3822 Fumo
1162 3776 1217 3823 Dea
1229 3776 1281 3840 jam
1296 3773 1353 3839 apnd

318 3868 371 3908 nus,
390 3853 450 3900 Inst.
465 3853 509 3900 Or.
521 3851 556 3898 ll.
572 3850 622 3898 mii.
641 3852 684 3898 13:
706 3857 722 3877 “
732 3851 812 3906 Quum
864 3846 1081 3913 Hesiodum,'Ep7.
1092 3850 1133 3897 lin.
1144 3849 1271 3914 Ingeniosa
1280 3858 1354 3897 autem

318 3924 343 3974 in
366 3924 497 3989 Iphigeniae
517 3922 677 3971 immolatione
700 3922 813 3987 pinxisset
861 3921 1006 3970 domicilium
1016 3922 1095 3970 Fama
1106 3924 1277 3987 excogitatum.
1310 3923 1355 3971 Coe·

319 3999 411 4048 tristem
425 3998 590 4053 Calcbsntem,
604 3996 728 4045 tristiorem
744 3996 812 4045 Ulix-
862 3998 924 4044 testes
937 3997 1019 4060 plage,
1037 3996 1126 4045 coelum
1141 3997 1166 4045 in
1184 4006 1263 4046 certas
1276 3997 1355 4063 plagas

318 4086 365 4128 em,
381 4070 510 4120 addidisset
525 4070 646 4126 Menelao,
661 4085 732 4135 quem
748 4085 812 4118 sum·
862 4069 974 4120 divisum.
993 4071 1085 4132 Triplex
1094 4071 1355 4129 nummilatria·

319 4161 384 4196 mum
398 4154 490 4211 poterat
501 4161 539 4195 ars
552 4145 655 4202 efficere,
670 4159 811 4194 moerorem:
861 4151 927 4194 stans
940 4144 1015 4193 tribus
1030 4144 1146 4210 pertibus,
1160 4144 1211 4196 sire
1227 4143 1355 4197 elementis·
